act_symbol,date,period,sales,cost_of_goods,gross_profit,selling_administrative_depreciation_amortization_expenses,income_after_depreciation_and_amortization,non_operating_income,interest_expense,pretax_income,income_taxes,minority_interest,investment_gains,other_income,income_from_continuing_operations,extras_and_discontinued_operations,net_income,income_before_depreciation_and_amortization,depreciation_and_amortization,average_shares,diluted_eps_before_non_recurring_items,diluted_net_eps
AA,2020-03-31,Quarter,2381000000,2025000000,356000000,239000000,117000000,132000000,30000000,219000000,80000000,59000000,0,0,139000000,0,80000000,,,186610000,-0.23,0.43
AA,2020-06-30,Quarter,2148000000,1932000000,216000000,238000000,-22000000,-51000000,32000000,-105000000,45000000,47000000,0,0,-150000000,0,-197000000,,,185920000,-0.02,-1.06
AA,2020-09-30,Quarter,2365000000,2038000000,327000000,219000000,108000000,-45000000,41000000,22000000,42000000,29000000,0,0,-20000000,0,-49000000,,,185920000,-1.17,-0.26
AA,2020-12-31,Quarter,2392000000,1974000000,418000000,294000000,124000000,-44000000,43000000,37000000,20000000,21000000,0,0,17000000,0,-4000000,,,185950000,0.26,-0.02
AA,2021-03-31,Quarter,2870000000,2292000000,578000000,248000000,330000000,24000000,42000000,312000000,93000000,44000000,0,0,219000000,0,175000000,,,188820000,0.79,0.93
AA,2021-06-30,Quarter,2833000000,2156000000,677000000,254000000,423000000,105000000,67000000,461000000,111000000,41000000,0,0,350000000,0,309000000,,,190200000,1.49,1.63
AA,2021-09-30,Quarter,3109000000,2322000000,787000000,250000000,537000000,18000000,58000000,497000000,127000000,33000000,0,0,370000000,0,337000000,,,190820000,2.05,1.76
AA,2021-12-31,Quarter,3340000000,2383000000,957000000,1298000000,-341000000,298000000,28000000,-71000000,298000000,23000000,0,0,-369000000,0,-392000000,,,185660000,2.50,-2.06
AA,2022-03-31,Quarter,3293000000,2181000000,1112000000,338000000,774000000,14000000,25000000,763000000,210000000,84000000,0,0,553000000,0,469000000,,,188540000,3.06,2.49
AA,2022-06-30,Quarter,3644000000,2767000000,877000000,145000000,732000000,206000000,30000000,908000000,234000000,125000000,0,0,674000000,0,549000000,,,186070000,2.67,2.95
AA,2022-09-30,Quarter,2851000000,2668000000,183000000,852000000,-669000000,-35000000,25000000,-729000000,40000000,-23000000,0,0,-769000000,0,-746000000,,,178780000,-0.33,-4.17
AA,2022-12-31,Quarter,2663000000,2596000000,67000000,214000000,-147000000,-46000000,26000000,-219000000,180000000,-25000000,0,0,-399000000,0,-374000000,,,176950000,-0.70,-2.12
AA,2023-03-31,Quarter,2670000000,2404000000,266000000,366000000,-100000000,-54000000,26000000,-180000000,52000000,-1000000,0,0,-232000000,0,-231000000,,,178010000,-0.23,-1.30
AA,2023-06-30,Quarter,2684000000,2515000000,169000000,235000000,-66000000,-6000000,27000000,-99000000,22000000,-19000000,0,0,-121000000,0,-102000000,,,178400000,-0.35,-0.57
AA,2023-09-30,Quarter,2602000000,2469000000,133000000,250000000,-117000000,-85000000,26000000,-228000000,-35000000,-25000000,0,0,-193000000,0,-168000000,,,178440000,-1.14,-0.94
AA,2023-12-31,Quarter,2595000000,2425000000,170000000,230000000,-60000000,11000000,28000000,-77000000,150000000,-77000000,0,0,-227000000,0,-150000000,,,178470000,-0.56,-0.84
AA,2024-03-31,Quarter,2599000000,2404000000,195000000,434000000,-239000000,-59000000,27000000,-325000000,-18000000,-55000000,0,0,-307000000,0,-252000000,,,179290000,-0.81,-1.41
AA,2024-06-30,Quarter,2906000000,2533000000,373000000,263000000,110000000,22000000,40000000,92000000,61000000,11000000,0,0,31000000,0,20000000,,,181060000,0.16,0.11
AA,2024-09-30,Quarter,2904000000,2393000000,511000000,271000000,240000000,-12000000,44000000,184000000,86000000,8000000,0,0,98000000,0,90000000,,,233600000,0.57,0.38
AA,2024-12-31,Quarter,3486000000,2714000000,772000000,347000000,425000000,-42000000,45000000,338000000,136000000,0,0,0,202000000,0,202000000,,,260460000,1.04,1.18
AA,2025-03-31,Quarter,3369000000,2438000000,931000000,236000000,695000000,26000000,53000000,668000000,120000000,0,0,0,548000000,0,548000000,,,260370000,2.15,2.07
AA,2025-06-30,Quarter,3018000000,2652000000,366000000,261000000,105000000,112000000,56000000,161000000,10000000,-13000000,0,0,151000000,0,164000000,,,260350000,0.39,0.62
AA,2025-09-30,Quarter,2995000000,2695000000,300000000,1134000000,-834000000,1034000000,33000000,167000000,-51000000,-14000000,0,0,218000000,0,232000000,,,260890000,-0.02,0.88
AAPL,2020-03-31,Quarter,58313000000,35943000000,22370000000,9517000000,12853000000,282000000,0,13135000000,1886000000,0,0,0,11249000000,0,11249000000,,,17618760000,0.64,0.64
AAPL,2020-06-30,Quarter,59685000000,37005000000,22680000000,9589000000,13091000000,46000000,0,13137000000,1884000000,0,0,0,11253000000,0,11253000000,,,17419150000,0.65,0.65
AAPL,2020-09-30,Quarter,64698000000,40009000000,24689000000,9914000000,14775000000,126000000,0,14901000000,2228000000,0,0,0,12673000000,0,12673000000,,,17256520000,0.73,0.75
AAPL,2020-12-31,Quarter,111439000000,67111000000,44328000000,10794000000,33534000000,45000000,0,33579000000,4824000000,0,0,0,28755000000,0,28755000000,,,17113690000,1.68,1.68
AAPL,2021-03-31,Quarter,89584000000,51505000000,38079000000,10576000000,27503000000,508000000,0,28011000000,4381000000,0,0,0,23630000000,0,23630000000,,,16929160000,1.40,1.40
AAPL,2021-06-30,Quarter,81434000000,46179000000,35255000000,11129000000,24126000000,243000000,0,24369000000,2625000000,0,0,0,21744000000,0,21744000000,,,16781730000,1.30,1.30
AAPL,2021-09-30,Quarter,83360000000,48186000000,35174000000,11388000000,23786000000,-538000000,0,23248000000,2697000000,0,0,0,20551000000,0,20551000000,,,16635100000,1.24,1.23
AAPL,2021-12-31,Quarter,123945000000,69702000000,54243000000,12755000000,41488000000,-247000000,0,41241000000,6611000000,0,0,0,34630000000,0,34630000000,,,16519290000,2.10,2.10
AAPL,2022-03-31,Quarter,97278000000,54719000000,42559000000,12580000000,29979000000,160000000,0,30139000000,5129000000,0,0,0,25010000000,0,25010000000,,,16403320000,1.52,1.52
AAPL,2022-06-30,Quarter,82959000000,47074000000,35885000000,12809000000,23076000000,-10000000,0,23066000000,3624000000,0,0,0,19442000000,0,19442000000,,,16262200000,1.20,1.20
AAPL,2022-09-30,Quarter,90146000000,52051000000,38095000000,13201000000,24894000000,-237000000,0,24657000000,3936000000,0,0,0,20721000000,0,20721000000,,,16118460000,1.29,1.29
AAPL,2022-12-31,Quarter,117154000000,66822000000,50332000000,14316000000,36016000000,-393000000,0,35623000000,5625000000,0,0,0,29998000000,0,29998000000,,,15955720000,1.88,1.88
AAPL,2023-03-31,Quarter,94836000000,52860000000,41976000000,13658000000,28318000000,64000000,0,28382000000,4222000000,0,0,0,24160000000,0,24160000000,,,15847050000,1.52,1.52
AAPL,2023-06-30,Quarter,81797000000,45384000000,36413000000,13415000000,22998000000,-265000000,0,22733000000,2852000000,0,0,0,19881000000,0,19881000000,,,15775020000,1.26,1.26
AAPL,2023-09-30,Quarter,89498000000,49071000000,40427000000,13458000000,26969000000,29000000,0,26998000000,4042000000,0,0,0,22956000000,0,22956000000,,,15672400000,1.46,1.47
AAPL,2023-12-31,Quarter,119575000000,64720000000,54855000000,14482000000,40373000000,-50000000,0,40323000000,6407000000,0,0,0,33916000000,0,33916000000,,,15576640000,2.18,2.18
AAPL,2024-03-31,Quarter,90753000000,48482000000,42271000000,14371000000,27900000000,158000000,0,28058000000,4422000000,0,0,0,23636000000,0,23636000000,,,15464710000,1.53,1.53
AAPL,2024-06-30,Quarter,85777000000,46099000000,39678000000,14326000000,25352000000,142000000,0,25494000000,4046000000,0,0,0,21448000000,0,21448000000,,,15348170000,1.40,1.40
AAPL,2024-09-30,Quarter,94930000000,51051000000,43879000000,14288000000,29591000000,19000000,0,29610000000,14874000000,0,0,0,14736000000,0,14736000000,,,15242850000,1.64,0.97
AAPL,2024-12-31,Quarter,124300000000,66025000000,58275000000,15443000000,42832000000,-248000000,0,42584000000,6254000000,0,0,0,36330000000,0,36330000000,,,15150870000,2.40,2.40
AAPL,2025-03-31,Quarter,95359000000,50492000000,44867000000,15278000000,29589000000,-279000000,0,29310000000,4530000000,0,0,0,24780000000,0,24780000000,,,15056130000,1.65,1.65
AAPL,2025-06-30,Quarter,94036000000,50318000000,43718000000,15516000000,28202000000,-171000000,0,28031000000,4597000000,0,0,0,23434000000,0,23434000000,,,14948180000,1.57,1.57
AAPL,2025-09-30,Quarter,102466000000,54125000000,48341000000,15914000000,32427000000,377000000,0,32804000000,5338000000,0,0,0,27466000000,0,27466000000,,,14863610000,1.85,1.84
ABBV,2020-03-31,Quarter,8619000000,1942000000,6677000000,3074000000,3603000000,-77000000,428000000,3098000000,88000000,0,0,0,3010000000,0,3010000000,,,1484000000,2.42,2.02
ABBV,2020-06-30,Quarter,10425000000,3711000000,6714000000,5962000000,752000000,-831000000,614000000,-693000000,46000000,-1000000,0,0,-739000000,0,-738000000,,,1647000000,2.34,-0.46
ABBV,2020-09-30,Quarter,12902000000,5050000000,7852000000,4597000000,3255000000,-135000000,620000000,2500000000,187000000,5000000,0,0,2313000000,0,2308000000,,,1774000000,2.83,1.29
ABBV,2020-12-31,Quarter,13858000000,4684000000,9174000000,5421000000,3753000000,-4642000000,618000000,-1507000000,-1545000000,2000000,0,0,38000000,0,36000000,,,1776000000,2.92,-0.13
ABBV,2021-03-31,Quarter,13010000000,4213000000,8797000000,4694000000,4103000000,386000000,622000000,3867000000,312000000,2000000,0,0,3555000000,0,3553000000,,,1775000000,2.95,1.99
ABBV,2021-06-30,Quarter,13959000000,4523000000,9436000000,4995000000,4441000000,-2672000000,606000000,1163000000,394000000,3000000,0,0,769000000,0,766000000,,,1776000000,3.11,0.42
ABBV,2021-09-30,Quarter,14342000000,4390000000,9952000000,5646000000,4306000000,-33000000,585000000,3688000000,508000000,1000000,0,0,3180000000,0,3179000000,,,1777000000,3.33,1.78
ABBV,2021-12-31,Quarter,14886000000,4320000000,10566000000,5492000000,5074000000,-232000000,571000000,4271000000,226000000,1000000,0,0,4045000000,0,4044000000,,,1778000000,3.31,2.26
ABBV,2022-03-31,Quarter,13538000000,4052000000,9486000000,4769000000,4717000000,751000000,539000000,4929000000,436000000,3000000,0,0,4493000000,0,4490000000,,,1778000000,3.16,2.51
ABBV,2022-06-30,Quarter,14583000000,4170000000,10413000000,7118000000,3295000000,-1580000000,532000000,1183000000,255000000,4000000,0,0,928000000,0,924000000,,,1776000000,3.51,0.51
ABBV,2022-09-30,Quarter,14812000000,5022000000,9790000000,5187000000,4603000000,294000000,497000000,4400000000,448000000,3000000,0,0,3952000000,0,3949000000,,,1776000000,3.66,2.21
ABBV,2022-12-31,Quarter,15121000000,4170000000,10951000000,5449000000,5502000000,-2061000000,476000000,2965000000,493000000,-1000000,0,0,2472000000,0,2473000000,,,1778000000,3.60,1.38
ABBV,2023-03-31,Quarter,12225000000,3986000000,8239000000,5471000000,2768000000,-1839000000,454000000,475000000,234000000,2000000,0,0,241000000,0,239000000,,,1776000000,2.46,0.13
ABBV,2023-06-30,Quarter,13865000000,4240000000,9625000000,5112000000,4513000000,-1449000000,454000000,2610000000,583000000,3000000,0,0,2027000000,0,2024000000,,,1771000000,2.91,1.14
ABBV,2023-09-30,Quarter,13927000000,6485000000,7442000000,5161000000,2281000000,70000000,398000000,1953000000,172000000,3000000,0,0,1781000000,0,1778000000,,,1771000000,2.95,1.00
ABBV,2023-12-31,Quarter,14301000000,5704000000,8597000000,5402000000,3195000000,-1605000000,378000000,1212000000,388000000,2000000,0,0,824000000,0,822000000,,,1772000000,2.79,0.45
ABBV,2024-03-31,Quarter,12310000000,4094000000,8216000000,5418000000,2798000000,-590000000,453000000,1755000000,383000000,3000000,0,0,1372000000,0,1369000000,,,1773000000,2.31,0.77
ABBV,2024-06-30,Quarter,14462000000,4202000000,10260000000,6262000000,3998000000,-1346000000,506000000,2146000000,773000000,3000000,0,0,1373000000,0,1370000000,,,1771000000,2.65,0.77
ABBV,2024-09-30,Quarter,14460000000,4212000000,10248000000,6417000000,3831000000,-1156000000,591000000,2084000000,520000000,3000000,0,0,1564000000,0,1561000000,,,1772000000,3.00,0.88
ABBV,2024-12-31,Quarter,15102000000,4396000000,10706000000,12203000000,-1497000000,-169000000,610000000,-2269000000,-2246000000,-1000000,0,0,-23000000,0,-22000000,,,1769000000,2.16,-0.03
ABBV,2025-03-31,Quarter,13343000000,4002000000,9341000000,5608000000,3733000000,-1445000000,627000000,1661000000,372000000,3000000,0,0,1289000000,0,1286000000,,,1772000000,2.46,0.72
ABBV,2025-06-30,Quarter,15423000000,4346000000,11077000000,6183000000,4894000000,-2662000000,678000000,1554000000,613000000,3000000,0,0,941000000,0,938000000,,,1771000000,2.97,0.52
ABBV,2025-09-30,Quarter,15776000000,5304000000,10472000000,8568000000,1904000000,-523000000,667000000,714000000,526000000,2000000,0,0,188000000,0,186000000,,,1772000000,1.86,0.10
ABNB,2020-12-31,Quarter,859260000,209750000,649520000,3749700000,-3100180000,-828180000,64140000,-3992500000,-104650000,0,0,0,-3887850000,0,-3887850000,,,345760000,-10.88,-11.24
ABNB,2021-03-31,Quarter,886940000,254520000,632420000,1079370000,-446950000,-297050000,421910000,-1165900000,6310000,0,0,0,-1172210000,0,-1172210000,,,600960000,-1.75,-1.95
ABNB,2021-06-30,Quarter,1335200000,294430000,1040770000,1092040000,-51270000,810000,6520000,-56980000,11230000,0,0,0,-68220000,0,-68220000,,,611740000,-0.11,-0.11
ABNB,2021-09-30,Quarter,2237430000,311580000,1925850000,1073880000,851970000,5130000,6650000,850460000,16570000,0,0,0,833890000,0,833890000,,,681920000,1.22,1.22
ABNB,2021-12-31,Quarter,1532200000,295310000,1236890000,1161310000,75580000,-830000,2520000,72220000,17720000,0,0,0,54500000,0,54500000,,,680900000,0.08,0.27
ABNB,2022-03-31,Quarter,1508940000,362620000,1146310000,1151450000,-5140000,2810000,5760000,-8090000,10710000,0,0,0,-18790000,0,-18790000,,,635310000,-0.03,-0.03
ABNB,2022-06-30,Quarter,2104110000,390110000,1714000000,1345180000,368820000,21770000,7480000,383110000,4270000,0,0,0,378840000,0,378840000,,,683540000,0.56,0.56
ABNB,2022-09-30,Quarter,2884410000,401150000,2483260000,1279780000,1203480000,72100000,5680000,1269900000,55610000,0,0,0,1214290000,0,1214290000,,,680060000,1.79,1.79
ABNB,2022-12-31,Quarter,1901550000,345120000,1556430000,1321600000,234830000,114320000,5070000,344080000,25410000,0,0,0,318660000,0,318660000,,,672000000,0.48,0.47
ABNB,2023-03-31,Quarter,1818000000,428000000,1390000000,1395000000,-5000000,139000000,4000000,130000000,13000000,0,0,0,117000000,0,117000000,,,670000000,0.18,0.18
ABNB,2023-06-30,Quarter,2484000000,432000000,2052000000,1529000000,523000000,155000000,2000000,676000000,26000000,0,0,0,650000000,0,650000000,,,665000000,0.98,0.98
ABNB,2023-09-30,Quarter,3397000000,459000000,2938000000,1442000000,1496000000,189000000,6000000,1679000000,-2695000000,0,0,0,4374000000,0,4374000000,,,660000000,2.39,6.63
ABNB,2023-12-31,Quarter,2218000000,384000000,1834000000,2330000000,-496000000,184000000,71000000,-383000000,-34000000,0,0,0,-349000000,0,-349000000,,,640000000,0.76,-0.55
ABNB,2024-03-31,Quarter,2142000000,480000000,1662000000,1561000000,101000000,192000000,0,293000000,29000000,0,0,0,264000000,0,264000000,,,654000000,0.41,0.41
ABNB,2024-06-30,Quarter,2748000000,506000000,2242000000,1745000000,497000000,184000000,0,681000000,126000000,0,0,0,555000000,0,555000000,,,649000000,0.86,0.86
ABNB,2024-09-30,Quarter,3732000000,465000000,3267000000,1742000000,1525000000,210000000,0,1735000000,367000000,0,0,0,1368000000,0,1368000000,,,642000000,2.13,2.13
ABNB,2024-12-31,Quarter,2480000000,427000000,2053000000,1623000000,430000000,192000000,0,622000000,161000000,0,0,0,461000000,0,461000000,,,636000000,0.73,0.71
ABNB,2025-03-31,Quarter,2272000000,506000000,1766000000,1728000000,38000000,-38000000,-173000000,173000000,19000000,0,0,0,154000000,0,154000000,,,632000000,0.24,0.24
ABNB,2025-06-30,Quarter,3096000000,544000000,2552000000,1940000000,612000000,167000000,0,779000000,137000000,0,0,0,642000000,0,642000000,,,626000000,1.03,1.03
ABNB,2025-09-30,Quarter,4095000000,549000000,3546000000,1921000000,1625000000,167000000,0,1792000000,418000000,0,0,0,1374000000,0,1374000000,,,621000000,2.21,2.21
ADBE,2020-02-29,Quarter,3091000000,452000000,2639000000,1702000000,937000000,15000000,33000000,919000000,-36000000,0,0,0,955000000,0,955000000,,,488000000,1.93,1.96
ADBE,2020-05-31,Quarter,3128000000,415000000,2713000000,1697000000,1016000000,12000000,28000000,1000000000,-100000000,0,0,0,1100000000,0,1100000000,,,485000000,2.08,2.27
ADBE,2020-08-31,Quarter,3225000000,427000000,2798000000,1729000000,1069000000,19000000,28000000,1060000000,105000000,0,0,0,955000000,0,955000000,,,485000000,2.12,1.97
ADBE,2020-11-30,Quarter,3424000000,428000000,2996000000,1781000000,1215000000,9000000,27000000,1197000000,-1053000000,0,0,0,2250000000,0,2250000000,,,484000000,2.42,4.63
ADBE,2021-02-28,Quarter,3905000000,447000000,3458000000,2004000000,1454000000,9000000,30000000,1433000000,172000000,0,0,0,1261000000,0,1261000000,,,483000000,2.64,2.61
ADBE,2021-05-31,Quarter,3835000000,444000000,3391000000,1985000000,1406000000,8000000,28000000,1386000000,270000000,0,0,0,1116000000,0,1116000000,,,481000000,2.56,2.32
ADBE,2021-08-31,Quarter,3935000000,467000000,3468000000,2027000000,1441000000,4000000,27000000,1418000000,206000000,0,0,0,1212000000,0,1212000000,,,481000000,2.65,2.52
ADBE,2021-11-30,Quarter,4110000000,507000000,3603000000,2102000000,1501000000,-4000000,28000000,1468000000,235000000,0,0,0,1233000000,0,1233000000,,,480000000,2.77,2.57
ADBE,2022-02-28,Quarter,4262000000,512000000,3750000000,2170000000,1580000000,-9000000,28000000,1543000000,277000000,0,0,0,1266000000,0,1266000000,,,475000000,2.84,2.66
ADBE,2022-05-31,Quarter,4386000000,539000000,3847000000,2318000000,1529000000,-9000000,28000000,1492000000,314000000,0,0,0,1178000000,0,1178000000,,,473000000,2.70,2.49
ADBE,2022-08-31,Quarter,4433000000,546000000,3887000000,2403000000,1484000000,0,28000000,1456000000,320000000,0,0,0,1136000000,0,1136000000,,,469000000,2.63,2.42
ADBE,2022-11-30,Quarter,4525000000,568000000,3957000000,2452000000,1505000000,40000000,28000000,1517000000,341000000,0,0,0,1176000000,0,1176000000,,,466000000,2.78,2.53
ADBE,2023-02-28,Quarter,4655000000,568000000,4087000000,2501000000,1586000000,44000000,32000000,1598000000,351000000,0,0,0,1247000000,0,1247000000,,,460000000,2.97,2.71
ADBE,2023-05-31,Quarter,4816000000,572000000,4244000000,2620000000,1624000000,52000000,26000000,1650000000,355000000,0,0,0,1295000000,0,1295000000,,,459000000,3.04,2.82
ADBE,2023-08-31,Quarter,4890000000,580000000,4310000000,2613000000,1697000000,73000000,27000000,1743000000,340000000,0,0,0,1403000000,0,1403000000,,,459000000,3.26,3.05
ADBE,2023-11-30,Quarter,5048000000,634000000,4414000000,2671000000,1743000000,93000000,28000000,1808000000,325000000,0,0,0,1483000000,0,1483000000,,,459000000,3.52,3.24
ADBE,2024-02-29,Quarter,5182000000,590000000,4592000000,3685000000,907000000,88000000,27000000,968000000,348000000,0,0,0,620000000,0,620000000,,,456000000,3.53,1.36
ADBE,2024-05-31,Quarter,5309000000,598000000,4711000000,2826000000,1885000000,86000000,41000000,1930000000,357000000,0,0,0,1573000000,0,1573000000,,,451000000,3.63,3.49
ADBE,2024-08-31,Quarter,5408000000,554000000,4854000000,2862000000,1992000000,101000000,51000000,2042000000,358000000,0,0,0,1684000000,0,1684000000,,,448000000,3.81,3.76
ADBE,2024-11-30,Quarter,5606000000,616000000,4990000000,3033000000,1957000000,84000000,50000000,1991000000,308000000,0,0,0,1683000000,0,1683000000,,,443000000,4.07,3.75
ADBE,2025-02-28,Quarter,5714000000,622000000,5092000000,2929000000,2163000000,81000000,62000000,2182000000,371000000,0,0,0,1811000000,0,1811000000,,,438000000,4.28,4.14
ADBE,2025-05-31,Quarter,5873000000,638000000,5235000000,3126000000,2109000000,60000000,68000000,2101000000,410000000,0,0,0,1691000000,0,1691000000,,,429000000,4.10,3.94
ADBE,2025-08-31,Quarter,5988000000,642000000,5346000000,3173000000,2173000000,81000000,67000000,2187000000,415000000,0,0,0,1772000000,0,1772000000,,,424000000,4.29,4.18
ADP,2020-03-31,Quarter,4047800000,2239100000,1808700000,756600000,1052100000,44600000,20000000,1076700000,255800000,0,0,0,820900000,0,820900000,,,431800000,1.92,1.90
ADP,2020-06-30,Quarter,3376800000,2067100000,1309700000,765600000,544100000,2800000,15600000,531300000,119700000,0,0,0,411600000,0,411600000,,,428650000,1.14,0.96
ADP,2020-09-30,Quarter,3470700000,2034300000,1436400000,681000000,755400000,24900000,15100000,765200000,163100000,0,0,0,602100000,0,602100000,,,430000000,1.41,1.40
ADP,2020-12-31,Quarter,3695700000,2122400000,1573300000,755800000,817500000,29000000,13900000,832600000,185100000,0,0,0,647500000,0,647500000,,,429000000,1.52,1.51
ADP,2021-03-31,Quarter,4102000000,2278100000,1823900000,763000000,1060900000,18800000,13500000,1066200000,255500000,0,0,0,810700000,0,810700000,,,427700000,1.89,1.90
ADP,2021-06-30,Quarter,3737000000,2205500000,1531500000,840700000,690800000,23600000,17200000,697200000,159000000,0,0,0,538200000,0,538200000,,,425900000,1.20,1.26
ADP,2021-09-30,Quarter,3832300000,2222600000,1609700000,719200000,890500000,28800000,18500000,900800000,200300000,0,0,0,700500000,0,700500000,,,423800000,1.65,1.65
ADP,2021-12-31,Quarter,4025400000,2341200000,1684200000,782300000,901900000,26600000,18400000,910100000,215700000,0,0,0,694400000,0,694400000,,,422000000,1.65,1.65
ADP,2022-03-31,Quarter,4513000000,2512200000,2000800000,817500000,1183300000,25000000,18400000,1189900000,261400000,0,0,0,928500000,0,928500000,,,420200000,2.21,2.21
ADP,2022-06-30,Quarter,4127600000,2385900000,1741700000,914200000,827500000,2400000,26600000,803300000,177800000,0,0,0,625500000,0,625500000,,,418200000,1.50,1.49
ADP,2022-09-30,Quarter,4215600000,2393600000,1822000000,800300000,1021700000,39500000,51200000,1010000000,231000000,0,0,0,779000000,0,779000000,,,416900000,1.86,1.87
ADP,2022-12-31,Quarter,4391000000,2450700000,1940300000,855700000,1084600000,30500000,57000000,1058100000,245000000,0,0,0,813100000,0,813100000,,,416200000,1.96,1.95
ADP,2023-03-31,Quarter,4927800000,2623800000,2304000000,938000000,1366000000,36300000,38300000,1364000000,320900000,0,0,0,1043100000,0,1043100000,,,415500000,2.52,2.51
ADP,2023-06-30,Quarter,4477800000,2485300000,1992500000,957400000,1035100000,77200000,106800000,1005500000,228700000,0,0,0,776800000,0,776800000,,,414300000,1.89,1.88
ADP,2023-09-30,Quarter,4512400000,2515400000,1997000000,880300000,1116700000,67700000,91600000,1092800000,233400000,0,0,0,859400000,0,859400000,,,413600000,2.08,2.08
ADP,2023-12-31,Quarter,4668000000,2561600000,2106400000,922500000,1183900000,64800000,104900000,1143800000,265400000,0,0,0,878400000,0,878400000,,,412500000,2.13,2.13
ADP,2024-03-31,Quarter,5253800000,2768200000,2485600000,940900000,1544700000,64300000,62700000,1546300000,361400000,0,0,0,1184900000,0,1184900000,,,412100000,2.88,2.88
ADP,2024-06-30,Quarter,4768400000,2631500000,2136900000,1035200000,1101700000,89900000,102200000,1089400000,260100000,0,0,0,829300000,0,829300000,,,410600000,2.09,2.01
ADP,2024-09-30,Quarter,4832700000,2633700000,2199000000,926700000,1272300000,101700000,137800000,1236200000,279900000,0,0,0,956300000,0,956300000,,,409500000,2.33,2.34
ADP,2024-12-31,Quarter,5048400000,2742500000,2305900000,1006100000,1299800000,91100000,129600000,1261300000,298100000,0,0,0,963200000,0,963200000,,,409000000,2.35,2.35
ADP,2025-03-31,Quarter,5553000000,2904200000,2648800000,1015800000,1633000000,63700000,74800000,1621900000,372400000,0,0,0,1249500000,0,1249500000,,,408500000,3.06,3.06
ADP,2025-06-30,Quarter,5126800000,2816900000,2309900000,1103100000,1206800000,97600000,113700000,1190700000,280000000,0,0,0,910700000,0,910700000,,,410700000,2.26,2.23
ADP,2025-09-30,Quarter,5175200000,2836100000,2339100000,1006300000,1332800000,110100000,135400000,1307500000,294500000,0,0,0,1013000000,0,1013000000,,,406500000,2.49,2.49
AFRM,2020-12-31,Quarter,204040000,70500000,133550000,165260000,-31710000,240000,0,-31480000,80000,0,0,0,-31560000,0,-31560000,,,70800000,-0.45,-0.45
AFRM,2021-03-31,Quarter,230670000,134730000,95940000,265390000,-169450000,-77770000,0,-247230000,-70000,0,0,0,-247160000,0,-247160000,,,233310000,-0.72,-1.06
AFRM,2021-06-30,Quarter,261780000,119710000,142070000,275470000,-133400000,-5980000,0,-139380000,-2450000,0,0,0,-136930000,0,-136930000,,,267280000,-0.48,-0.74
AFRM,2021-09-30,Quarter,269390000,119970000,149420000,315490000,-166070000,-140370000,0,-306440000,170000,0,0,0,-306620000,0,-306620000,,,271680000,-0.40,-1.13
AFRM,2021-12-31,Quarter,361010000,154540000,206470000,402670000,-196200000,36740000,0,-159460000,280000,0,0,0,-159740000,0,-159740000,,,281530000,-0.57,-0.57
AFRM,2022-03-31,Quarter,354760000,169490000,185280000,411830000,-226550000,172140000,0,-54410000,260000,0,0,0,-54670000,0,-54670000,,,285640000,-0.19,-0.19
AFRM,2022-06-30,Quarter,364130000,202160000,161970000,439200000,-277230000,72710000,0,-204520000,-18120000,0,0,0,-186400000,0,-186400000,,,288110000,-0.65,-0.62
AFRM,2022-09-30,Quarter,361620000,224390000,137240000,424710000,-287470000,36020000,0,-251450000,-180000,0,0,0,-251270000,0,-251270000,,,290930000,-0.86,-0.86
AFRM,2022-12-31,Quarter,399560000,267010000,132550000,492080000,-359530000,35530000,0,-324010000,-1570000,0,0,0,-322440000,0,-322440000,,,293680000,-1.10,-1.10
AFRM,2023-03-31,Quarter,380980000,278210000,102770000,412800000,-310030000,103520000,0,-206510000,-840000,0,0,0,-205680000,0,-205680000,,,294210000,-0.69,-0.69
AFRM,2023-06-30,Quarter,445830000,286570000,159250000,403080000,-243830000,36550000,0,-207280000,-1320000,0,0,0,-205960000,0,-205960000,,,299640000,-0.69,-0.69
AFRM,2023-09-30,Quarter,496550000,282570000,213980000,423430000,-209450000,38710000,0,-170740000,1040000,0,0,0,-171780000,0,-171780000,,,303840000,-0.57,-0.57
AFRM,2023-12-31,Quarter,591110000,294650000,296460000,468610000,-172150000,4550000,0,-167600000,-700000,0,0,0,-166900000,0,-166900000,,,307570000,-0.20,-0.54
AFRM,2024-03-31,Quarter,576160000,303490000,272670000,433460000,-160790000,27740000,0,-133050000,890000,0,0,0,-133940000,0,-133940000,,,312630000,-0.43,-0.43
AFRM,2024-06-30,Quarter,659190000,308650000,350530000,423990000,-73460000,29320000,0,-44140000,1000000,0,0,0,-45140000,0,-45140000,,,315480000,-0.14,-0.13
AFRM,2024-09-30,Quarter,698480000,333580000,364900000,497520000,-132620000,34300000,0,-98320000,1900000,0,0,0,-100220000,0,-100220000,,,318240000,-0.31,-0.31
AFRM,2024-12-31,Quarter,866380000,371940000,494450000,498770000,-4320000,87180000,0,82860000,2500000,0,0,0,80360000,0,80360000,,,345200000,0.23,0.23
AFRM,2025-03-31,Quarter,783140000,378650000,404490000,412880000,-8390000,13740000,0,5350000,2540000,0,0,0,2800000,0,2800000,,,344240000,0.01,0.01
AFRM,2025-06-30,Quarter,876420000,388860000,487560000,429490000,58070000,13510000,0,71580000,2340000,0,0,0,69240000,0,69240000,,,342570000,0.20,0.22
AFRM,2025-09-30,Quarter,933340000,411940000,521400000,457740000,63660000,19360000,0,83020000,2330000,0,0,0,80690000,0,80690000,,,348280000,0.23,0.23
AMD,2020-03-31,Quarter,1786000000,968000000,818000000,641000000,177000000,4000000,13000000,168000000,6000000,0,0,0,162000000,0,162000000,,,1224000000,0.14,0.14
AMD,2020-06-30,Quarter,1932000000,1084000000,848000000,675000000,173000000,1000000,14000000,160000000,4000000,0,1000000,0,157000000,0,157000000,,,1227000000,0.13,0.13
AMD,2020-09-30,Quarter,2801000000,1571000000,1230000000,781000000,449000000,-37000000,11000000,401000000,12000000,0,1000000,0,390000000,0,390000000,,,1215000000,0.35,0.32
AMD,2020-12-31,Quarter,3244000000,1793000000,1451000000,881000000,570000000,-15000000,9000000,546000000,-1232000000,0,3000000,0,1781000000,0,1781000000,,,1226000000,0.45,1.47
AMD,2021-03-31,Quarter,3445000000,1858000000,1587000000,925000000,662000000,-11000000,9000000,642000000,89000000,0,2000000,0,555000000,0,555000000,,,1231000000,0.47,0.45
AMD,2021-06-30,Quarter,3850000000,2020000000,1830000000,999000000,831000000,0,10000000,821000000,113000000,0,2000000,0,710000000,0,710000000,,,1232000000,0.58,0.58
AMD,2021-09-30,Quarter,4313000000,2227000000,2086000000,1138000000,948000000,62000000,7000000,1003000000,82000000,0,2000000,0,923000000,0,923000000,,,1230000000,0.66,0.75
AMD,2021-12-31,Quarter,4826000000,2400000000,2426000000,1219000000,1207000000,4000000,8000000,1203000000,229000000,0,0,0,974000000,0,974000000,,,1222000000,0.83,0.79
AMD,2022-03-31,Quarter,5887000000,3069000000,2818000000,1867000000,951000000,-42000000,13000000,896000000,113000000,0,3000000,0,786000000,0,786000000,,,1410000000,1.02,0.56
AMD,2022-06-30,Quarter,6550000000,3522000000,3028000000,2502000000,526000000,-4000000,25000000,497000000,54000000,0,4000000,0,447000000,0,447000000,,,1632000000,0.91,0.27
AMD,2022-09-30,Quarter,5565000000,3211000000,2354000000,2418000000,-64000000,22000000,31000000,-73000000,-135000000,0,4000000,0,66000000,0,66000000,,,1625000000,0.54,0.04
AMD,2022-12-31,Quarter,5599000000,3196000000,2403000000,2552000000,-149000000,32000000,19000000,-136000000,-154000000,0,3000000,0,21000000,0,21000000,,,1618000000,0.54,-0.03
AMD,2023-03-31,Quarter,5353000000,2994000000,2359000000,2504000000,-145000000,43000000,25000000,-127000000,13000000,0,1000000,0,-139000000,0,-139000000,,,1611000000,0.43,-0.09
AMD,2023-06-30,Quarter,5359000000,2916000000,2443000000,2463000000,-20000000,46000000,28000000,-2000000,-23000000,0,6000000,0,27000000,0,27000000,,,1627000000,0.40,0.02
AMD,2023-09-30,Quarter,5800000000,3053000000,2747000000,2523000000,224000000,59000000,26000000,257000000,-39000000,-3000000,0,0,299000000,0,299000000,,,1629000000,0.53,0.18
AMD,2023-12-31,Quarter,6168000000,3257000000,2911000000,2569000000,342000000,49000000,27000000,364000000,-297000000,3000000,9000000,0,667000000,0,667000000,,,1628000000,0.59,0.42
AMD,2024-03-31,Quarter,5473000000,2913000000,2560000000,2524000000,36000000,53000000,25000000,64000000,-52000000,0,7000000,0,123000000,0,123000000,,,1639000000,0.43,0.07
AMD,2024-06-30,Quarter,5835000000,2971000000,2864000000,2595000000,269000000,55000000,25000000,299000000,41000000,0,7000000,0,265000000,0,265000000,,,1637000000,0.50,0.16
AMD,2024-09-30,Quarter,6819000000,3400000000,3419000000,2695000000,724000000,36000000,23000000,737000000,-27000000,0,7000000,0,771000000,0,771000000,,,1636000000,0.76,0.47
AMD,2024-12-31,Quarter,7658000000,3776000000,3882000000,2825000000,1057000000,37000000,19000000,889000000,419000000,0,12000000,0,482000000,0,482000000,,,1634000000,0.88,0.30
AMD,2025-03-31,Quarter,7438000000,3702000000,3736000000,2930000000,806000000,39000000,20000000,825000000,123000000,0,7000000,0,709000000,0,709000000,,,1626000000,0.78,0.44
AMD,2025-06-30,Quarter,7685000000,4626000000,3059000000,3193000000,-134000000,98000000,38000000,-74000000,-834000000,0,8000000,0,768000000,104000000,872000000,,,1630000000,0.27,0.54
AMD,2025-09-30,Quarter,9246000000,4466000000,4780000000,3510000000,1270000000,82000000,37000000,1315000000,153000000,0,10000000,0,1172000000,71000000,1243000000,,,1641000000,0.97,0.75
AMT,2020-03-31,Quarter,1993100000,552000000,1441100000,704300000,736800000,-88300000,208800000,439700000,21100000,3600000,0,0,418600000,0,415000000,,,445830000,0.93,0.93
AMT,2020-06-30,Quarter,1913000000,540000000,1373000000,681700000,691300000,-34100000,197700000,459500000,11100000,2300000,0,0,448400000,0,446100000,,,445870000,1.00,1.00
AMT,2020-09-30,Quarter,2012900000,562600000,1450300000,665200000,785100000,-92000000,190900000,502200000,39300000,-1500000,0,0,462900000,0,464400000,,,446160000,1.04,1.04
AMT,2020-12-31,Quarter,2122500000,572600000,1549900000,875600000,674300000,-58500000,196100000,419700000,58100000,-3500000,0,0,361600000,0,365100000,,,446350000,0.82,0.82
AMT,2021-03-31,Quarter,2158500000,574300000,1584200000,755500000,828700000,80900000,207000000,702600000,50300000,7300000,0,0,652300000,0,645000000,,,446290000,1.45,1.45
AMT,2021-06-30,Quarter,2298900000,647900000,1651000000,801800000,849200000,185200000,213700000,820700000,72800000,1600000,0,0,747900000,0,746300000,,,452350000,1.65,1.65
AMT,2021-09-30,Quarter,2454300000,724300000,1730000000,902500000,827500000,176200000,226100000,777600000,51400000,3200000,0,0,726200000,0,723000000,,,456980000,1.58,1.58
AMT,2021-12-31,Quarter,2445200000,735500000,1709700000,1083100000,626600000,126000000,224100000,528500000,87300000,-12200000,0,0,441200000,0,453400000,,,457130000,0.99,0.98
AMT,2022-03-31,Quarter,2660300000,799400000,1860900000,1135800000,725100000,262500000,262400000,725200000,22500000,-9000000,0,0,702700000,0,711700000,,,457210000,1.56,1.56
AMT,2022-06-30,Quarter,2674300000,822900000,1851400000,1069100000,782300000,392600000,276600000,898300000,7400000,-7300000,0,0,890900000,0,898200000,,,459820000,1.95,1.95
AMT,2022-09-30,Quarter,2671500000,836500000,1835000000,1182100000,652900000,496900000,294000000,855800000,36100000,-20000000,0,0,819700000,0,839700000,,,466800000,1.80,1.80
AMT,2022-12-31,Quarter,2705000000,805000000,1900000000,1708000000,192000000,-647100000,303500000,-758600000,-42000000,-32800000,0,0,-716600000,0,-683800000,,,466700000,-1.47,-1.47
AMT,2023-03-31,Quarter,2767200000,806100000,1961100000,1185500000,775600000,-67000000,340200000,368400000,53400000,-20800000,0,0,315000000,0,335800000,,,466810000,0.72,0.72
AMT,2023-06-30,Quarter,2771700000,827300000,1944400000,1070700000,873700000,-50900000,348100000,474700000,13200000,-14200000,0,0,461500000,0,475700000,,,466980000,1.02,1.02
AMT,2023-09-30,Quarter,2818600000,815800000,2002800000,1344100000,658700000,343500000,359200000,643000000,65700000,-9600000,0,0,577300000,0,586900000,,,467160000,1.26,1.26
AMT,2023-12-31,Quarter,2786700000,811400000,1975300000,1258400000,716900000,-331000000,350700000,35200000,21900000,-71600000,0,0,13300000,0,84900000,,,467450000,0.18,0.18
AMT,2024-03-31,Quarter,2834100000,788300000,2045800000,809200000,1236600000,161000000,366700000,1030900000,109200000,4300000,0,0,921700000,0,917400000,,,467660000,1.96,1.96
AMT,2024-06-30,Quarter,2900300000,821900000,2078400000,794100000,1284300000,109500000,365400000,1028400000,120000000,8100000,0,0,908400000,0,900300000,,,467780000,1.92,1.92
AMT,2024-09-30,Quarter,2522300000,651800000,1870500000,731300000,1139200000,-231900000,356800000,550500000,122400000,11900000,0,0,428100000,-1208500000,-792300000,,,468260000,0.89,-1.70
AMT,2024-12-31,Quarter,1870500000,312400000,1558100000,701700000,856400000,474200000,315600000,1015000000,14700000,900000,0,0,1000300000,230200000,1229600000,,,468420000,2.62,2.64
AMT,2025-03-31,Quarter,2562800000,634500000,1928300000,674200000,1254100000,-311300000,325300000,617500000,118900000,9900000,0,0,498600000,0,488700000,,,468520000,1.04,1.04
AMT,2025-06-30,Quarter,2626900000,688700000,1938200000,740500000,1197700000,-343300000,342600000,511800000,131300000,13700000,0,0,380500000,0,366800000,,,468790000,0.78,0.78
AMT,2025-09-30,Quarter,2717400000,710800000,2006600000,773300000,1233300000,63800000,347100000,950000000,37400000,59300000,0,0,912600000,0,853300000,,,469040000,1.82,1.82
AMZN,2020-03-31,Quarter,75452000000,44257000000,31195000000,27206000000,3989000000,-204000000,402000000,3383000000,744000000,0,-104000000,0,2535000000,0,2535000000,,,506000000,5.01,5.01
AMZN,2020-06-30,Quarter,88912000000,52660000000,36252000000,30409000000,5843000000,781000000,403000000,6221000000,984000000,0,6000000,0,5243000000,0,5243000000,,,509000000,10.30,10.30
AMZN,2020-09-30,Quarter,96145000000,57106000000,39039000000,32845000000,6194000000,1043000000,428000000,6809000000,569000000,0,91000000,0,6331000000,0,6331000000,,,512000000,12.37,12.37
AMZN,2020-12-31,Quarter,125555000000,79284000000,46271000000,39398000000,6873000000,1306000000,414000000,7765000000,566000000,0,23000000,0,7222000000,0,7222000000,,,513000000,14.09,14.15
AMZN,2021-03-31,Quarter,108518000000,62403000000,46115000000,37250000000,8865000000,1802000000,399000000,10268000000,2156000000,0,-5000000,0,8107000000,0,8107000000,,,513000000,15.79,15.79
AMZN,2021-06-30,Quarter,113080000000,64176000000,48904000000,41202000000,7702000000,1367000000,435000000,8634000000,868000000,0,12000000,0,7778000000,0,7778000000,,,514000000,15.12,15.12
AMZN,2021-09-30,Quarter,110812000000,62930000000,47882000000,43030000000,4852000000,-44000000,493000000,4315000000,1155000000,0,-4000000,0,3156000000,0,3156000000,,,515000000,6.12,6.12
AMZN,2021-12-31,Quarter,137412000000,82835000000,54577000000,51117000000,3460000000,11956000000,482000000,14934000000,612000000,0,1000000,0,14323000000,0,14323000000,,,516000000,27.75,27.78
AMZN,2022-03-31,Quarter,116444000000,66499000000,49945000000,46276000000,3669000000,-8462000000,472000000,-5265000000,-1422000000,0,-1000000,0,-3844000000,0,-3844000000,,,509000000,4.24,-7.56
AMZN,2022-06-30,Quarter,121234000000,66424000000,54810000000,51493000000,3317000000,-5386000000,584000000,-2653000000,-637000000,0,-12000000,0,-2028000000,0,-2028000000,,,10175000000,0.10,-0.20
AMZN,2022-09-30,Quarter,127101000000,70268000000,56833000000,54308000000,2525000000,1036000000,617000000,2944000000,69000000,0,-3000000,0,2872000000,0,2872000000,,,10331000000,0.20,0.28
AMZN,2022-12-31,Quarter,149204000000,85640000000,63564000000,60827000000,2737000000,-3005000000,694000000,-962000000,-1227000000,0,13000000,0,278000000,0,278000000,,,10308000000,0.21,0.03
AMZN,2023-03-31,Quarter,127358000000,67791000000,59567000000,54793000000,4774000000,168000000,823000000,4119000000,948000000,0,1000000,0,3172000000,0,3172000000,,,10347000000,0.31,0.31
AMZN,2023-06-30,Quarter,134383000000,69373000000,65010000000,57329000000,7681000000,722000000,840000000,7563000000,804000000,0,-9000000,0,6750000000,0,6750000000,,,10449000000,0.63,0.65
AMZN,2023-09-30,Quarter,143083000000,75022000000,68061000000,56873000000,11188000000,1807000000,806000000,12189000000,2306000000,0,-4000000,0,9879000000,0,9879000000,,,10558000000,0.85,0.94
AMZN,2023-12-31,Quarter,169961000000,92553000000,77408000000,64199000000,13209000000,1190000000,713000000,13686000000,3062000000,0,0,0,10624000000,0,10624000000,,,10610000000,1.01,1.00
AMZN,2024-03-31,Quarter,143313000000,72633000000,70680000000,55373000000,15307000000,-1680000000,644000000,12983000000,2467000000,0,-85000000,0,10431000000,0,10431000000,,,10670000000,1.13,0.98
AMZN,2024-06-30,Quarter,147977000000,73785000000,74192000000,59520000000,14672000000,1162000000,589000000,15245000000,1767000000,0,7000000,0,13485000000,0,13485000000,,,10708000000,1.23,1.26
AMZN,2024-09-30,Quarter,158877000000,80977000000,77900000000,60489000000,17411000000,1229000000,603000000,18037000000,2706000000,0,-3000000,0,15328000000,0,15328000000,,,10735000000,1.43,1.43
AMZN,2024-12-31,Quarter,187792000000,98893000000,88899000000,67696000000,21203000000,1716000000,570000000,22349000000,2325000000,0,-20000000,0,20004000000,0,20004000000,,,10771000000,1.86,1.86
AMZN,2025-03-31,Quarter,155667000000,76976000000,78691000000,60286000000,18405000000,3815000000,541000000,21679000000,4553000000,0,1000000,0,17127000000,0,17127000000,,,10793000000,1.59,1.59
AMZN,2025-06-30,Quarter,167702000000,80809000000,86893000000,67722000000,19171000000,2202000000,516000000,20857000000,2678000000,0,-15000000,0,18164000000,0,18164000000,,,10806000000,1.68,1.68
AMZN,2025-09-30,Quarter,180169000000,88670000000,91499000000,74077000000,17422000000,11286000000,538000000,28170000000,6910000000,0,-73000000,0,21187000000,0,21187000000,,,10845000000,1.95,1.95
AVGO,2020-01-31,Quarter,5858000000,2594000000,3264000000,2550000000,714000000,-4000000,406000000,304000000,-76000000,0,0,0,380000000,5000000,385000000,,,420000000,4.22,0.74
AVGO,2020-04-30,Quarter,5742000000,2553000000,3189000000,2423000000,766000000,130000000,487000000,409000000,-159000000,0,0,0,568000000,-5000000,563000000,,,417000000,4.16,1.17
AVGO,2020-07-31,Quarter,5821000000,2505000000,3316000000,2308000000,1008000000,49000000,464000000,593000000,-96000000,0,0,0,689000000,-1000000,688000000,,,422000000,4.56,1.45
AVGO,2020-10-31,Quarter,6467000000,2720000000,3747000000,2221000000,1526000000,31000000,420000000,1137000000,-187000000,0,0,0,1324000000,0,1324000000,,,426000000,5.58,2.97
AVGO,2021-01-31,Quarter,6655000000,2703000000,3952000000,2115000000,1837000000,117000000,570000000,1384000000,6000000,0,0,0,1378000000,0,1378000000,,,428000000,5.78,3.05
AVGO,2021-04-30,Quarter,6610000000,2553000000,4057000000,2082000000,1975000000,-23000000,466000000,1486000000,-7000000,0,0,0,1493000000,0,1493000000,,,429000000,5.89,3.30
AVGO,2021-07-31,Quarter,6778000000,2581000000,4197000000,2071000000,2126000000,15000000,415000000,1726000000,-150000000,0,0,0,1876000000,0,1876000000,,,429000000,6.32,4.20
AVGO,2021-10-31,Quarter,7407000000,2769000000,4638000000,2057000000,2581000000,22000000,434000000,2169000000,180000000,0,0,0,1989000000,0,1989000000,,,430000000,7.01,4.45
AVGO,2022-01-31,Quarter,7706000000,2657000000,5049000000,1941000000,3108000000,-14000000,407000000,2687000000,215000000,0,0,0,2472000000,0,2472000000,,,429000000,7.68,5.59
AVGO,2022-04-30,Quarter,8103000000,2664000000,5439000000,2045000000,3394000000,-86000000,518000000,2790000000,200000000,0,0,0,2590000000,0,2590000000,,,424000000,8.39,5.93
AVGO,2022-07-31,Quarter,8464000000,2783000000,5681000000,1944000000,3737000000,6000000,406000000,3337000000,263000000,0,0,0,3074000000,0,3074000000,,,430000000,9.07,7.15
AVGO,2022-10-31,Quarter,8930000000,3004000000,5926000000,1940000000,3986000000,40000000,406000000,3620000000,261000000,0,0,0,3359000000,0,3359000000,,,429000000,9.75,7.86
AVGO,2023-01-31,Quarter,8915000000,2911000000,6004000000,1901000000,4103000000,143000000,406000000,3840000000,66000000,0,0,0,3774000000,0,3774000000,,,429000000,9.83,8.80
AVGO,2023-04-30,Quarter,8733000000,2618000000,6115000000,2107000000,4008000000,113000000,405000000,3716000000,235000000,0,0,0,3481000000,0,3481000000,,,427000000,9.51,8.15
AVGO,2023-07-31,Quarter,8876000000,2712000000,6164000000,2308000000,3856000000,124000000,406000000,3574000000,271000000,0,0,0,3303000000,0,3303000000,,,427000000,9.47,7.74
AVGO,2023-10-31,Quarter,9295000000,2888000000,6407000000,2167000000,4240000000,132000000,405000000,3967000000,443000000,0,0,0,3524000000,0,3524000000,,,427000000,9.80,8.29
AVGO,2024-01-31,Quarter,11961000000,4586000000,7375000000,5292000000,2083000000,185000000,926000000,1342000000,68000000,0,0,0,1274000000,51000000,1325000000,,,467000000,8.55,2.84
AVGO,2024-04-30,Quarter,12487000000,4711000000,7776000000,4811000000,2965000000,87000000,1047000000,2005000000,-116000000,0,0,0,2121000000,0,2121000000,,,480000000,8.69,4.42
AVGO,2024-07-31,Quarter,13072000000,4716000000,8356000000,4568000000,3788000000,82000000,1064000000,2806000000,4238000000,0,0,0,-1432000000,-443000000,-1875000000,,,4663000000,1.02,-0.40
AVGO,2024-10-31,Quarter,14054000000,5052000000,9002000000,4375000000,4627000000,52000000,916000000,3763000000,-442000000,0,0,0,4205000000,119000000,4324000000,,,4828000000,1.25,0.90
AVGO,2025-01-31,Quarter,14916000000,4771000000,10145000000,3885000000,6260000000,103000000,873000000,5490000000,-13000000,0,0,0,5503000000,0,5503000000,,,4836000000,1.40,1.14
AVGO,2025-04-30,Quarter,15004000000,4807000000,10197000000,4368000000,5829000000,25000000,769000000,5085000000,120000000,0,0,0,4965000000,0,4965000000,,,4826000000,1.33,1.03
AVGO,2025-07-31,Quarter,15952000000,5249000000,10703000000,4816000000,5887000000,205000000,807000000,5285000000,1145000000,0,0,0,4140000000,0,4140000000,,,4860000000,1.26,0.85
BA,2020-03-31,Quarter,16908000000,16756000000,152000000,1493000000,-1341000000,112000000,274000000,-1503000000,-862000000,-13000000,0,0,-641000000,0,-628000000,,,565900000,-1.70,-1.11
BA,2020-06-30,Quarter,11807000000,12967000000,-1160000000,1793000000,-2953000000,94000000,564000000,-3423000000,-1028000000,-19000000,0,0,-2395000000,0,-2376000000,,,566400000,-4.79,-4.20
BA,2020-09-30,Quarter,14139000000,13095000000,1044000000,1435000000,-391000000,119000000,653000000,-925000000,-459000000,-17000000,0,0,-466000000,0,-449000000,,,566600000,-1.39,-0.79
BA,2020-12-31,Quarter,15304000000,20982000000,-5678000000,2361000000,-8039000000,122000000,708000000,-8625000000,-186000000,-19000000,0,0,-8439000000,0,-8420000000,,,575400000,-15.25,-14.78
BA,2021-03-31,Quarter,15217000000,13799000000,1418000000,1492000000,-74000000,190000000,688000000,-572000000,-11000000,-24000000,0,0,-561000000,0,-537000000,,,585400000,-1.53,-0.92
BA,2021-06-30,Quarter,16998000000,14579000000,2419000000,1387000000,1032000000,199000000,682000000,549000000,-18000000,-20000000,0,0,567000000,0,587000000,,,590200000,0.40,1.00
BA,2021-09-30,Quarter,15278000000,13559000000,1719000000,1383000000,336000000,30000000,676000000,-310000000,-178000000,-23000000,0,0,-132000000,0,-109000000,,,589000000,-0.60,-0.19
BA,2021-12-31,Quarter,14793000000,17300000000,-2507000000,1657000000,-4164000000,132000000,668000000,-4700000000,-536000000,-21000000,0,0,-4164000000,0,-4143000000,,,590300000,-7.69,-7.04
BA,2022-03-31,Quarter,13991000000,13638000000,353000000,1515000000,-1162000000,181000000,637000000,-1618000000,-376000000,-23000000,0,0,-1242000000,0,-1219000000,,,591700000,-2.75,-2.06
BA,2022-06-30,Quarter,16681000000,14553000000,2128000000,1348000000,780000000,253000000,656000000,377000000,217000000,-33000000,0,0,160000000,0,193000000,,,596400000,-0.37,0.32
BA,2022-09-30,Quarter,15956000000,16771000000,-815000000,1977000000,-2792000000,288000000,628000000,-3132000000,176000000,-33000000,0,0,-3308000000,0,-3275000000,,,596300000,-6.18,-5.49
BA,2022-12-31,Quarter,19980000000,18116000000,1864000000,2209000000,-345000000,336000000,640000000,-649000000,14000000,-29000000,0,0,-663000000,0,-634000000,,,598900000,-1.75,-1.07
BA,2023-03-31,Quarter,17921000000,15998000000,1923000000,2072000000,-149000000,302000000,649000000,-496000000,-71000000,-11000000,0,0,-425000000,0,-414000000,,,602500000,-1.27,-0.69
BA,2023-06-30,Quarter,19751000000,17812000000,1939000000,2038000000,-99000000,320000000,621000000,-400000000,-251000000,0,0,0,-149000000,0,-149000000,,,605500000,-0.82,-0.25
BA,2023-09-30,Quarter,18104000000,16939000000,1165000000,1973000000,-808000000,297000000,589000000,-1100000000,538000000,-2000000,0,0,-1638000000,0,-1636000000,,,607200000,-3.26,-2.70
BA,2023-12-31,Quarter,22018000000,19321000000,2697000000,2414000000,283000000,308000000,600000000,-9000000,21000000,-7000000,0,0,-30000000,0,-23000000,,,609500000,-0.47,-0.03
BA,2024-03-31,Quarter,16569000000,14693000000,1876000000,1962000000,-86000000,277000000,569000000,-378000000,-23000000,-12000000,0,0,-355000000,0,-343000000,,,613200000,-1.13,-0.56
BA,2024-06-30,Quarter,16866000000,15637000000,1229000000,2319000000,-1090000000,248000000,673000000,-1515000000,-76000000,0,0,0,-1439000000,0,-1439000000,,,616600000,-2.90,-2.33
BA,2024-09-30,Quarter,17840000000,21347000000,-3507000000,2254000000,-5761000000,265000000,728000000,-6224000000,-50000000,-4000000,0,0,-6174000000,0,-6170000000,,,618800000,-10.44,-9.97
BA,2024-12-31,Quarter,15242000000,16831000000,-1589000000,2181000000,-3770000000,432000000,755000000,-4093000000,-232000000,4000000,0,0,-3861000000,0,-3865000000,,,718100000,-5.90,-5.50
BA,2025-03-31,Quarter,19496000000,17079000000,2417000000,1956000000,461000000,323000000,708000000,76000000,107000000,6000000,0,0,-31000000,0,-37000000,,,753400000,-0.49,-0.16
BA,2025-06-30,Quarter,22749000000,20314000000,2435000000,2611000000,-176000000,325000000,710000000,-561000000,51000000,-1000000,0,0,-612000000,0,-611000000,,,756600000,-1.24,-0.92
BA,2025-09-30,Quarter,23270000000,25645000000,-2375000000,2406000000,-4781000000,276000000,694000000,-5199000000,140000000,-2000000,0,0,-5339000000,0,-5337000000,,,759900000,-7.47,-7.14
BAC,2020-03-31,Quarter,26735000000,1184000000,25551000000,18236000000,7315000000,0,2784000000,4531000000,521000000,0,0,0,4010000000,0,4010000000,,,8862700000,0.40,0.40
BAC,2020-06-30,Quarter,24018000000,373000000,23645000000,18527000000,5118000000,0,1319000000,3799000000,266000000,0,0,0,3533000000,0,3533000000,,,8768100000,0.37,0.37
BAC,2020-09-30,Quarter,21693000000,227000000,21466000000,15790000000,5676000000,0,1130000000,4546000000,-335000000,0,0,0,4881000000,0,4881000000,,,8777500000,0.51,0.51
BAC,2020-12-31,Quarter,21307000000,159000000,21148000000,13980000000,7168000000,0,1049000000,6119000000,649000000,0,0,0,5470000000,0,5470000000,,,8785000000,0.59,0.59
BAC,2021-03-31,Quarter,24019000000,0,24019000000,13655000000,10364000000,0,0,9166000000,1116000000,0,0,0,8050000000,0,8050000000,,,8755600000,0.86,0.86
BAC,2021-06-30,Quarter,22620000000,0,22620000000,13424000000,9196000000,0,0,8042000000,-1182000000,0,0,0,9224000000,0,9224000000,,,8735500000,1.03,1.03
BAC,2021-09-30,Quarter,24008000000,133000000,23875000000,13816000000,10059000000,0,1109000000,8950000000,1259000000,0,0,0,7691000000,0,7691000000,,,8492800000,0.85,0.85
BAC,2021-12-31,Quarter,23204000000,404000000,22800000000,14242000000,8558000000,0,3092000000,7818000000,805000000,0,0,0,7013000000,0,7013000000,,,8304700000,0.82,0.83
BAC,2022-03-31,Quarter,24550000000,164000000,24386000000,15349000000,9037000000,0,1158000000,7879000000,812000000,0,0,0,7067000000,0,7067000000,,,8202100000,0.80,0.80
BAC,2022-06-30,Quarter,25219000000,320000000,24899000000,15796000000,9103000000,0,2211000000,6892000000,645000000,0,0,0,6247000000,0,6247000000,,,8163100000,0.73,0.73
BAC,2022-09-30,Quarter,30358000000,1235000000,29123000000,16201000000,12922000000,0,4621000000,8301000000,1219000000,0,0,0,7082000000,0,7082000000,,,8160800000,0.81,0.81
BAC,2022-12-31,Quarter,34926000000,2999000000,31927000000,16635000000,15292000000,0,7395000000,7897000000,765000000,0,0,0,7132000000,0,7132000000,,,8155700000,0.85,0.85
BAC,2023-03-31,Quarter,40465000000,4314000000,36151000000,17169000000,18982000000,0,9893000000,9089000000,928000000,0,0,0,8161000000,0,8161000000,,,8182300000,0.94,0.94
BAC,2023-06-30,Quarter,43393000000,5785000000,37608000000,17163000000,20445000000,0,12411000000,8034000000,626000000,0,0,0,7408000000,0,7408000000,,,8080700000,0.88,0.88
BAC,2023-09-30,Quarter,44412000000,7340000000,37072000000,17072000000,20000000000,0,11905000000,8095000000,293000000,0,0,0,7802000000,0,7802000000,,,8075900000,0.90,0.90
BAC,2023-12-31,Quarter,43642000000,8724000000,34918000000,18835000000,16083000000,0,12959000000,3124000000,-20000000,0,0,0,3144000000,0,3144000000,,,8062500000,0.70,0.36
BAC,2024-03-31,Quarter,48071000000,9138000000,38933000000,18556000000,20377000000,0,13115000000,7262000000,588000000,0,0,0,6674000000,0,6674000000,,,8031400000,0.83,0.76
BAC,2024-06-30,Quarter,48529000000,9655000000,38874000000,17817000000,21057000000,0,13497000000,7560000000,663000000,0,0,0,6897000000,0,6897000000,,,7960900000,0.83,0.83
BAC,2024-09-30,Quarter,48869000000,10125000000,38744000000,18021000000,20723000000,0,13399000000,7324000000,428000000,0,0,0,6896000000,0,6896000000,,,7902100000,0.81,0.81
BAC,2024-12-31,Quarter,46965000000,9524000000,37441000000,18239000000,19202000000,0,12094000000,7108000000,443000000,0,0,0,6665000000,0,6665000000,,,7843700000,0.82,0.81
BAC,2025-03-31,Quarter,46989000000,8632000000,38357000000,19250000000,19107000000,0,10991000000,8116000000,720000000,0,0,0,7396000000,0,7396000000,,,7770800000,0.90,0.90
BAC,2025-06-30,Quarter,46666000000,8681000000,37985000000,18775000000,19210000000,0,11522000000,7688000000,572000000,0,0,0,7116000000,0,7116000000,,,7651600000,0.89,0.89
BAC,2025-09-30,Quarter,48221000000,8932000000,39289000000,18632000000,20657000000,0,11201000000,9456000000,987000000,0,0,0,8469000000,0,8469000000,,,7627100000,1.06,1.06
C,2020-03-31,Quarter,26378000000,2614000000,23764000000,17621000000,6143000000,0,3033000000,3110000000,576000000,-6000000,0,0,2534000000,-18000000,2522000000,,,2113700000,1.06,1.05
C,2020-06-30,Quarter,23275000000,1469000000,21806000000,18318000000,3488000000,0,2040000000,1448000000,131000000,0,0,0,1317000000,-1000000,1316000000,,,2084300000,0.50,0.50
C,2020-09-30,Quarter,20123000000,1293000000,18830000000,13226000000,5604000000,0,1528000000,4076000000,815000000,24000000,0,0,3261000000,-7000000,3230000000,,,2094300000,1.40,1.40
C,2020-12-31,Quarter,19063000000,1161000000,17902000000,11501000000,6401000000,0,1403000000,4998000000,1003000000,22000000,0,0,3995000000,6000000,3979000000,,,2095700000,2.07,1.77
C,2021-03-31,Quarter,21695000000,1052000000,20643000000,9018000000,11625000000,0,1316000000,10309000000,2332000000,33000000,0,0,7977000000,-2000000,7942000000,,,2096600000,3.62,3.62
C,2021-06-30,Quarter,19738000000,955000000,18783000000,10126000000,8657000000,0,1309000000,7348000000,1155000000,10000000,0,0,6193000000,10000000,6193000000,,,2073000000,2.84,2.85
C,2021-09-30,Quarter,19406000000,1023000000,18383000000,11292000000,7091000000,0,1229000000,5862000000,1193000000,24000000,0,0,4669000000,-1000000,4644000000,,,2026200000,2.49,2.15
C,2021-12-31,Quarter,19026000000,-134000000,19160000000,13979000000,5181000000,0,1231000000,3950000000,771000000,6000000,0,0,3179000000,0,3173000000,,,2001600000,1.99,1.52
C,2022-03-31,Quarter,21466000000,871000000,20595000000,13920000000,6675000000,0,1409000000,5266000000,941000000,17000000,0,0,4325000000,-2000000,4306000000,,,1988200000,2.02,2.02
C,2022-06-30,Quarter,23304000000,1420000000,21884000000,13667000000,8217000000,0,2246000000,5971000000,1182000000,21000000,0,0,4789000000,-221000000,4547000000,,,1958100000,2.30,2.19
C,2022-09-30,Quarter,25864000000,3270000000,22594000000,14114000000,8480000000,0,4086000000,4394000000,879000000,30000000,0,0,3515000000,-6000000,3479000000,,,1955100000,1.50,1.63
C,2022-12-31,Quarter,30444000000,5998000000,24446000000,14830000000,9616000000,0,6440000000,3176000000,640000000,21000000,0,0,2536000000,-2000000,2513000000,,,1955900000,1.10,1.16
C,2023-03-31,Quarter,37494000000,7708000000,29786000000,15264000000,14522000000,0,8339000000,6183000000,1531000000,45000000,0,0,4652000000,-1000000,4606000000,,,1964100000,1.86,2.19
C,2023-06-30,Quarter,38183000000,8727000000,29456000000,15394000000,14062000000,0,10020000000,4042000000,1090000000,36000000,0,0,2952000000,-1000000,2915000000,,,1968600000,1.37,1.33
C,2023-09-30,Quarter,41148000000,9630000000,31518000000,15351000000,16167000000,0,11379000000,4788000000,1203000000,41000000,0,0,3585000000,2000000,3546000000,,,1951700000,1.52,1.63
C,2023-12-31,Quarter,39995000000,10235000000,29760000000,19543000000,10217000000,0,12320000000,-2103000000,-296000000,31000000,0,0,-1807000000,-1000000,-1839000000,,,1909700000,0.84,-1.11
C,2024-03-31,Quarter,43820000000,10411000000,33409000000,16560000000,16849000000,0,12305000000,4544000000,1136000000,36000000,0,0,3408000000,-1000000,3371000000,,,1943200000,1.58,1.59
C,2024-06-30,Quarter,42633000000,10235000000,32398000000,15793000000,16605000000,-36000000,12259000000,4310000000,1047000000,46000000,0,0,3263000000,0,3217000000,,,1945700000,1.52,1.52
C,2024-09-30,Quarter,43409000000,10319000000,33090000000,15916000000,17174000000,-9000000,12775000000,4390000000,1116000000,35000000,0,0,3274000000,-1000000,3238000000,,,1940300000,1.51,1.51
C,2024-12-31,Quarter,40895000000,9361000000,31534000000,15824000000,15710000000,45000000,11953000000,3802000000,912000000,34000000,0,0,2890000000,0,2858000000,,,1931000000,1.34,1.33
C,2025-03-31,Quarter,41250000000,8438000000,32812000000,16148000000,16664000000,0,11216000000,5448000000,1340000000,43000000,0,0,4108000000,-1000000,4064000000,,,1919600000,1.96,1.96
C,2025-06-30,Quarter,42352000000,8685000000,33667000000,16451000000,17216000000,2000000,11999000000,5219000000,1186000000,14000000,0,0,4033000000,0,4019000000,,,1893100000,1.96,1.96
C,2025-09-30,Quarter,43840000000,9163000000,34677000000,16745000000,17932000000,5000000,12587000000,5350000000,1559000000,38000000,0,0,3791000000,-1000000,3752000000,,,1862600000,2.24,1.86
CAT,2020-03-31,Quarter,10635000000,7266000000,3369000000,1790000000,1579000000,222000000,288000000,1513000000,425000000,1000000,5000000,0,1093000000,0,1092000000,,,551100000,1.60,1.98
CAT,2020-06-30,Quarter,9997000000,7113000000,2884000000,1951000000,933000000,29000000,284000000,678000000,227000000,1000000,8000000,0,459000000,0,458000000,,,544500000,1.03,0.84
CAT,2020-09-30,Quarter,9881000000,6919000000,2962000000,1840000000,1122000000,14000000,273000000,863000000,187000000,3000000,-5000000,0,671000000,0,668000000,,,546400000,1.34,1.22
CAT,2020-12-31,Quarter,11235000000,7784000000,3451000000,1943000000,1508000000,-309000000,258000000,941000000,167000000,0,6000000,0,780000000,0,780000000,,,549500000,2.12,1.42
CAT,2021-03-31,Quarter,11887000000,8012000000,3875000000,1936000000,1939000000,325000000,267000000,1997000000,475000000,1000000,9000000,0,1531000000,0,1530000000,,,551400000,2.87,2.77
CAT,2021-06-30,Quarter,12889000000,8881000000,4008000000,2103000000,1905000000,201000000,236000000,1870000000,470000000,1000000,14000000,0,1414000000,0,1413000000,,,552100000,2.60,2.56
CAT,2021-09-30,Quarter,12397000000,8617000000,3780000000,2005000000,1775000000,225000000,225000000,1775000000,368000000,2000000,21000000,0,1428000000,0,1426000000,,,547600000,2.66,2.60
CAT,2021-12-31,Quarter,13798000000,10003000000,3795000000,2081000000,1714000000,1063000000,215000000,2562000000,429000000,0,-13000000,0,2120000000,0,2120000000,,,542600000,2.69,3.90
CAT,2022-03-31,Quarter,13589000000,9559000000,4030000000,2069000000,1961000000,253000000,215000000,1999000000,469000000,0,7000000,0,1537000000,0,1537000000,,,538300000,2.88,2.86
CAT,2022-06-30,Quarter,14247000000,9975000000,4272000000,2208000000,2064000000,260000000,228000000,2096000000,427000000,0,4000000,0,1673000000,0,1673000000,,,534100000,3.18,3.13
CAT,2022-09-30,Quarter,14994000000,10202000000,4792000000,2216000000,2576000000,242000000,260000000,2558000000,527000000,-1000000,9000000,0,2040000000,0,2041000000,,,527600000,3.95,3.87
CAT,2022-12-31,Quarter,16597000000,11614000000,4983000000,3115000000,1868000000,536000000,305000000,2099000000,644000000,0,-1000000,0,1454000000,0,1454000000,,,520900000,3.86,2.78
CAT,2023-03-31,Quarter,15862000000,10103000000,5759000000,2811000000,2948000000,32000000,346000000,2634000000,708000000,-1000000,16000000,0,1942000000,0,1943000000,,,519400000,4.91,3.74
CAT,2023-06-30,Quarter,17318000000,11065000000,6253000000,2356000000,3897000000,127000000,372000000,3652000000,752000000,2000000,24000000,0,2924000000,0,2922000000,,,515000000,5.55,5.67
CAT,2023-09-30,Quarter,16810000000,10583000000,6227000000,2498000000,3729000000,195000000,409000000,3515000000,734000000,-1000000,12000000,0,2793000000,0,2794000000,,,512600000,5.52,5.45
CAT,2023-12-31,Quarter,17070000000,11016000000,6054000000,2632000000,3422000000,241000000,414000000,3249000000,587000000,-3000000,11000000,0,2673000000,0,2676000000,,,507000000,5.23,5.26
CAT,2024-03-31,Quarter,15799000000,9662000000,6137000000,2320000000,3817000000,156000000,441000000,3532000000,688000000,-2000000,10000000,0,2854000000,0,2856000000,,,496900000,5.60,5.75
CAT,2024-06-30,Quarter,16689000000,10150000000,6539000000,2743000000,3796000000,155000000,451000000,3500000000,836000000,0,17000000,0,2681000000,0,2681000000,,,489500000,5.99,5.48
CAT,2024-09-30,Quarter,16106000000,10066000000,6040000000,2557000000,3483000000,76000000,461000000,3098000000,642000000,-1000000,7000000,0,2463000000,0,2464000000,,,486700000,5.17,5.06
CAT,2024-12-31,Quarter,16215000000,10321000000,5894000000,2632000000,3262000000,426000000,445000000,3243000000,463000000,-1000000,10000000,0,2790000000,0,2791000000,,,482600000,5.14,5.76
CAT,2025-03-31,Quarter,14249000000,8965000000,5284000000,2379000000,2905000000,107000000,442000000,2570000000,574000000,0,7000000,0,2003000000,0,2003000000,,,477100000,4.25,4.20
CAT,2025-06-30,Quarter,16569000000,10807000000,5762000000,2566000000,3196000000,84000000,462000000,2818000000,646000000,0,7000000,0,2179000000,0,2179000000,,,471500000,4.72,4.62
CAT,2025-09-30,Quarter,17638000000,11673000000,5965000000,2567000000,3398000000,208000000,479000000,3127000000,836000000,-1000000,8000000,0,2299000000,0,2300000000,,,470800000,4.95,4.88
CMG,2020-03-31,Quarter,1410770000,1161910000,248870000,177740000,71130000,2740000,0,73860000,-2520000,0,0,0,76390000,0,76390000,,,28320000,3.08,2.70
CMG,2020-06-30,Quarter,1364740000,1197980000,166760000,171700000,-4940000,620000,0,-4320000,-12490000,0,0,0,8180000,0,8180000,,,28330000,0.40,0.29
CMG,2020-09-30,Quarter,1601410000,1289190000,312230000,205130000,107100000,-600000,0,106500000,26260000,0,0,0,80240000,0,80240000,,,28450000,3.76,2.82
CMG,2020-12-31,Quarter,1607710000,1294480000,313230000,196350000,116880000,850000,0,117730000,-73230000,0,0,0,190960000,0,190960000,,,28550000,3.48,6.71
CMG,2021-03-31,Quarter,1741580000,1352820000,388760000,227310000,161450000,-2170000,0,159270000,32170000,0,0,0,127100000,0,127100000,,,28580000,5.36,4.45
CMG,2021-06-30,Quarter,1892540000,1429660000,462880000,217360000,245520000,850000,0,246380000,58400000,0,0,0,187970000,0,187970000,,,28500000,7.46,6.60
CMG,2021-09-30,Quarter,1952320000,1492960000,459350000,219670000,239680000,-130000,0,239550000,35120000,0,0,0,204430000,0,204430000,,,28480000,7.02,7.18
CMG,2021-12-31,Quarter,1960630000,1564620000,396020000,237720000,158300000,9260000,0,167560000,34080000,0,0,0,133480000,0,133480000,,,28490000,5.58,4.67
CMG,2022-03-31,Quarter,2020540000,1601590000,418950000,228730000,190220000,-210000,0,190010000,31710000,0,0,0,158290000,0,158290000,,,28300000,5.70,5.59
CMG,2022-06-30,Quarter,2213340000,1655250000,558090000,220480000,337610000,10570000,0,348170000,88230000,0,0,0,259940000,0,259940000,,,28090000,9.30,9.25
CMG,2022-09-30,Quarter,2220180000,1657630000,562550000,226300000,336250000,3710000,0,339970000,82830000,0,0,0,257140000,0,257140000,,,27960000,9.51,9.20
CMG,2022-12-31,Quarter,2180600000,1658060000,522540000,226210000,296330000,7060000,0,303390000,79660000,0,0,0,223730000,0,223730000,,,27900000,8.29,8.00
CMG,2023-03-31,Quarter,2368580000,1761490000,607090000,239490000,367600000,8950000,0,376560000,84910000,0,0,0,291640000,0,291640000,,,27790000,10.50,10.50
CMG,2023-06-30,Quarter,2514800000,1823950000,690860000,259040000,431820000,16450000,0,448260000,106470000,0,0,0,341790000,0,341790000,,,27750000,12.65,12.32
CMG,2023-09-30,Quarter,2471950000,1822110000,649840000,254900000,394940000,18390000,0,413340000,100130000,0,0,0,313220000,0,313220000,,,27680000,11.36,11.32
CMG,2023-12-31,Quarter,2516320000,1878020000,638300000,274860000,363440000,18910000,0,382350000,100270000,0,0,0,282090000,0,282090000,,,27620000,10.36,10.20
CMG,2024-03-31,Quarter,2701850000,1960000000,741850000,300560000,441290000,19360000,0,460660000,101370000,0,0,0,359290000,0,359290000,,,27620000,13.37,13.01
CMG,2024-06-30,Quarter,2973120000,2113720000,859400000,273350000,586050000,21860000,0,607910000,152240000,0,0,0,455670000,0,455670000,,,1381520000,0.34,0.33
CMG,2024-09-30,Quarter,2793580000,2081400000,712180000,238930000,473250000,29310000,0,502560000,115180000,0,0,0,387390000,0,387390000,,,1374610000,0.27,0.28
CMG,2024-12-31,Quarter,2845310000,2141050000,704260000,288530000,415730000,23370000,0,439100000,107330000,0,0,0,331760000,0,331760000,,,1368920000,0.25,0.24
CMG,2025-03-31,Quarter,2875250000,2121630000,753620000,274370000,479250000,22250000,0,501500000,114900000,0,0,0,386600000,0,386600000,,,1360720000,0.29,0.28
CMG,2025-06-30,Quarter,3063390000,2225160000,838230000,279180000,559050000,18360000,0,577410000,141290000,0,0,0,436130000,0,436130000,,,1350240000,0.33,0.32
CMG,2025-09-30,Quarter,3003440000,2267860000,735580000,258410000,477170000,19790000,0,496960000,114860000,0,0,0,382100000,0,382100000,,,1339520000,0.29,0.29
COP,2020-03-31,Quarter,4811000000,4022000000,789000000,2173000000,-1384000000,23000000,202000000,-1563000000,148000000,28000000,0,0,-1711000000,0,-1739000000,,,1084560000,0.45,-1.60
COP,2020-06-30,Quarter,4016000000,2274000000,1742000000,1446000000,296000000,-73000000,202000000,21000000,-257000000,18000000,0,0,278000000,0,260000000,,,1077610000,-0.92,0.24
COP,2020-09-30,Quarter,4380000000,2927000000,1453000000,1708000000,-255000000,-57000000,200000000,-512000000,-62000000,0,0,0,-450000000,0,-450000000,,,1077380000,-0.31,-0.42
COP,2020-12-31,Quarter,6049000000,4656000000,1393000000,2204000000,-811000000,-73000000,202000000,-1086000000,-314000000,0,0,0,-772000000,0,-772000000,,,1073580000,-0.19,-0.73
COP,2021-03-31,Quarter,10559000000,5950000000,4609000000,2588000000,2021000000,-81000000,226000000,1714000000,732000000,0,0,0,982000000,0,982000000,,,1302690000,0.69,0.75
COP,2021-06-30,Quarter,10211000000,4434000000,5777000000,2404000000,3373000000,-73000000,220000000,3080000000,989000000,0,0,0,2091000000,0,2091000000,,,1353200000,1.27,1.55
COP,2021-09-30,Quarter,11616000000,5633000000,5983000000,2131000000,3852000000,-51000000,219000000,3582000000,1203000000,0,0,0,2379000000,0,2379000000,,,1336380000,1.77,1.78
COP,2021-12-31,Quarter,15963000000,8179000000,7784000000,3214000000,4570000000,-15000000,219000000,4336000000,1709000000,0,0,0,2627000000,0,2627000000,,,1320830000,2.27,1.99
COP,2022-03-31,Quarter,19291000000,8401000000,10890000000,2690000000,8200000000,-85000000,217000000,7898000000,2139000000,0,0,0,5759000000,0,5759000000,,,1307400000,3.27,4.39
COP,2022-06-30,Quarter,21989000000,11118000000,10871000000,3014000000,7857000000,9000000,211000000,7655000000,2510000000,0,0,0,5145000000,0,5145000000,,,1295840000,3.91,3.96
COP,2022-09-30,Quarter,21614000000,11139000000,10475000000,2869000000,7606000000,33000000,199000000,7440000000,2913000000,0,0,0,4527000000,0,4527000000,,,1269320000,3.60,3.55
COP,2022-12-31,Quarter,19262000000,10883000000,8379000000,2859000000,5520000000,-107000000,178000000,5235000000,1986000000,0,0,0,3249000000,0,3249000000,,,1243040000,2.71,2.61
COP,2023-03-31,Quarter,15517000000,8055000000,7462000000,2688000000,4774000000,-24000000,188000000,4562000000,1642000000,0,0,0,2920000000,0,2920000000,,,1223360000,2.38,2.38
COP,2023-06-30,Quarter,12884000000,6585000000,6299000000,2704000000,3595000000,-54000000,179000000,3362000000,1130000000,0,0,0,2232000000,0,2232000000,,,1210340000,1.84,1.84
COP,2023-09-30,Quarter,14866000000,7630000000,7236000000,2819000000,4417000000,-123000000,194000000,4100000000,1302000000,0,0,0,2798000000,0,2798000000,,,1199750000,2.16,2.32
COP,2023-12-31,Quarter,15307000000,7796000000,7511000000,2854000000,4657000000,-174000000,219000000,4264000000,1257000000,0,0,0,3007000000,0,3007000000,,,1189900000,2.40,2.52
COP,2024-03-31,Quarter,14476000000,7461000000,7015000000,2940000000,4075000000,-62000000,205000000,3808000000,1257000000,9000000,0,0,2551000000,0,2542000000,,,1180320000,2.03,2.15
COP,2024-06-30,Quarter,14136000000,7124000000,7012000000,3066000000,3946000000,-89000000,198000000,3659000000,1330000000,7000000,0,0,2329000000,0,2322000000,,,1170300000,1.98,1.98
COP,2024-09-30,Quarter,13604000000,7078000000,6526000000,3050000000,3476000000,-52000000,189000000,3235000000,1176000000,7000000,0,0,2059000000,0,2052000000,,,1163230000,1.78,1.76
COP,2024-12-31,Quarter,14737000000,7455000000,7282000000,4049000000,3233000000,-72000000,191000000,2970000000,664000000,-23000000,0,0,2306000000,0,2329000000,,,1209160000,1.98,1.92
COP,2025-03-31,Quarter,17101000000,8811000000,8290000000,3495000000,4795000000,-124000000,205000000,4466000000,1617000000,0,0,0,2849000000,0,2849000000,,,1274880000,2.09,2.23
COP,2025-06-30,Quarter,14740000000,7738000000,7002000000,3661000000,3341000000,-92000000,232000000,3017000000,1046000000,0,0,0,1971000000,0,1971000000,,,1259000000,1.42,1.56
COP,2025-09-30,Quarter,15522000000,8560000000,6962000000,3723000000,3239000000,-88000000,223000000,2928000000,1202000000,0,0,0,1726000000,0,1726000000,,,1246850000,1.61,1.38
COST,2020-02-29,Quarter,39072000000,34056000000,5016000000,3750000000,1266000000,45000000,34000000,1277000000,330000000,16000000,0,0,947000000,0,931000000,,,443730000,2.10,2.10
COST,2020-05-31,Quarter,37266000000,32249000000,5017000000,3838000000,1179000000,21000000,37000000,1163000000,311000000,14000000,0,0,852000000,0,838000000,,,443860000,1.89,1.89
COST,2020-08-31,Quarter,53383000000,46401000000,6982000000,5053000000,1929000000,-9000000,51000000,1869000000,465000000,15000000,0,0,1404000000,0,1389000000,,,444230000,3.13,3.13
COST,2020-11-30,Quarter,43208000000,37458000000,5750000000,4320000000,1430000000,29000000,39000000,1420000000,239000000,15000000,0,0,1181000000,0,1166000000,,,444390000,2.29,2.62
COST,2021-02-28,Quarter,44769000000,39078000000,5691000000,4351000000,1340000000,19000000,40000000,1319000000,348000000,20000000,0,0,971000000,0,951000000,,,444490000,2.14,2.14
COST,2021-05-31,Quarter,45277000000,39415000000,5862000000,4199000000,1663000000,27000000,40000000,1650000000,417000000,13000000,0,0,1233000000,0,1220000000,,,444130000,2.75,2.75
COST,2021-08-31,Quarter,62675000000,54733000000,7942000000,5667000000,2275000000,68000000,52000000,2291000000,597000000,24000000,0,0,1694000000,0,1670000000,,,444370000,3.90,3.76
COST,2021-11-30,Quarter,50363000000,43952000000,6411000000,4718000000,1693000000,42000000,39000000,1696000000,351000000,21000000,0,0,1345000000,0,1324000000,,,444600000,2.97,2.98
COST,2022-02-28,Quarter,51904000000,45517000000,6387000000,4575000000,1812000000,25000000,36000000,1801000000,481000000,21000000,0,0,1320000000,0,1299000000,,,444920000,2.92,2.92
COST,2022-05-31,Quarter,52596000000,46355000000,6241000000,4450000000,1791000000,71000000,35000000,1827000000,455000000,19000000,0,0,1372000000,0,1353000000,,,444890000,3.17,3.04
COST,2022-08-31,Quarter,72091000000,63558000000,8533000000,6036000000,2497000000,67000000,48000000,2516000000,638000000,10000000,0,0,1878000000,0,1868000000,,,444660000,4.20,4.20
COST,2022-11-30,Quarter,54437000000,47769000000,6668000000,4917000000,1751000000,53000000,34000000,1770000000,406000000,0,0,0,1364000000,0,1364000000,,,444530000,3.10,3.07
COST,2023-02-28,Quarter,55266000000,48423000000,6843000000,4940000000,1903000000,114000000,34000000,1983000000,517000000,0,0,0,1466000000,0,1466000000,,,444480000,3.30,3.30
COST,2023-05-31,Quarter,53648000000,47175000000,6473000000,4794000000,1679000000,128000000,36000000,1771000000,469000000,0,0,0,1302000000,0,1302000000,,,444360000,3.43,2.93
COST,2023-08-31,Quarter,78939000000,69219000000,9720000000,6939000000,2781000000,238000000,56000000,2963000000,803000000,0,0,0,2160000000,0,2160000000,,,444450000,4.86,4.86
COST,2023-11-30,Quarter,57799000000,50457000000,7342000000,5358000000,1984000000,160000000,38000000,2106000000,517000000,0,0,0,1589000000,0,1589000000,,,444400000,3.48,3.58
COST,2024-02-29,Quarter,58442000000,51140000000,7302000000,5240000000,2062000000,216000000,41000000,2237000000,494000000,0,0,0,1743000000,0,1743000000,,,444750000,3.71,3.92
COST,2024-05-31,Quarter,58515000000,51173000000,7342000000,5145000000,2197000000,128000000,41000000,2284000000,603000000,0,0,0,1681000000,0,1681000000,,,444830000,3.78,3.78
COST,2024-08-31,Quarter,79697000000,69588000000,10109000000,7067000000,3042000000,120000000,49000000,3113000000,759000000,0,0,0,2354000000,0,2354000000,,,444980000,5.15,5.28
COST,2024-11-30,Quarter,62151000000,54109000000,8042000000,5846000000,2196000000,147000000,37000000,2306000000,508000000,0,0,0,1798000000,0,1798000000,,,444890000,3.82,4.04
COST,2025-02-28,Quarter,63723000000,55744000000,7979000000,5663000000,2316000000,142000000,36000000,2422000000,634000000,0,0,0,1788000000,0,1788000000,,,444890000,4.02,4.02
COST,2025-05-31,Quarter,63205000000,54996000000,8209000000,5679000000,2530000000,85000000,35000000,2580000000,677000000,0,0,0,1903000000,0,1903000000,,,444760000,4.28,4.28
COST,2025-08-31,Quarter,86156000000,75037000000,11119000000,7778000000,3341000000,215000000,46000000,3510000000,900000000,0,0,0,2610000000,0,2610000000,,,444710000,5.87,5.87
CRM,2020-01-31,Quarter,4851000000,1220000000,3631000000,3667000000,-36000000,32000000,0,-4000000,244000000,0,0,0,-248000000,0,-248000000,,,889000000,0.09,-0.33
CRM,2020-04-30,Quarter,4865000000,1254000000,3611000000,3751000000,-140000000,187000000,0,47000000,-52000000,0,0,0,99000000,0,99000000,,,913000000,0.32,0.11
CRM,2020-07-31,Quarter,5151000000,1311000000,3840000000,3662000000,178000000,661000000,0,839000000,-1786000000,0,0,0,2625000000,0,2625000000,,,922000000,0.94,2.85
CRM,2020-10-31,Quarter,5419000000,1394000000,4025000000,3801000000,224000000,1026000000,0,1250000000,169000000,0,0,0,1081000000,0,1081000000,,,939000000,1.27,1.15
CRM,2021-01-31,Quarter,5817000000,1479000000,4338000000,4145000000,193000000,232000000,0,425000000,158000000,0,0,0,267000000,0,267000000,,,939000000,0.54,0.27
CRM,2021-04-30,Quarter,5963000000,1555000000,4408000000,4054000000,354000000,250000000,0,604000000,135000000,0,0,0,469000000,0,469000000,,,940000000,0.74,0.50
CRM,2021-07-31,Quarter,6340000000,1613000000,4727000000,4395000000,332000000,494000000,0,826000000,291000000,0,0,0,535000000,0,535000000,,,950000000,0.87,0.56
CRM,2021-10-31,Quarter,6863000000,1844000000,5019000000,4981000000,38000000,261000000,0,299000000,-169000000,0,0,0,468000000,0,468000000,,,1001000000,0.78,0.47
CRM,2022-01-31,Quarter,7326000000,2014000000,5312000000,5488000000,-176000000,-21000000,0,-197000000,-169000000,0,0,0,-28000000,0,-28000000,,,986000000,0.24,-0.03
CRM,2022-04-30,Quarter,7411000000,2045000000,5366000000,5346000000,20000000,-49000000,0,-29000000,-57000000,0,0,0,28000000,0,28000000,,,1001000000,0.41,0.03
CRM,2022-07-31,Quarter,7720000000,2127000000,5593000000,5400000000,193000000,-12000000,0,181000000,113000000,0,0,0,68000000,0,68000000,,,1001000000,0.52,0.07
CRM,2022-10-31,Quarter,7837000000,2088000000,5749000000,5289000000,460000000,15000000,0,475000000,265000000,0,0,0,210000000,0,210000000,,,1000000000,0.73,0.21
CRM,2023-01-31,Quarter,8384000000,2100000000,6284000000,5099000000,1185000000,-324000000,0,33000000,131000000,0,0,0,-98000000,0,-98000000,,,984000000,1.01,-0.10
CRM,2023-04-30,Quarter,8247000000,2125000000,6122000000,5710000000,412000000,-86000000,0,326000000,127000000,0,0,0,199000000,0,199000000,,,988000000,1.15,0.20
CRM,2023-07-31,Quarter,8603000000,2113000000,6490000000,5014000000,1476000000,16000000,0,1492000000,225000000,0,0,0,1267000000,0,1267000000,,,986000000,1.63,1.28
CRM,2023-10-31,Quarter,8720000000,2155000000,6565000000,5064000000,1501000000,-14000000,0,1487000000,263000000,0,0,0,1224000000,0,1224000000,,,981000000,1.62,1.25
CRM,2024-01-31,Quarter,9287000000,2148000000,7139000000,5517000000,1622000000,23000000,0,1645000000,199000000,0,0,0,1446000000,0,1446000000,,,983000000,1.78,1.47
CRM,2024-04-30,Quarter,9133000000,2162000000,6971000000,5262000000,1709000000,158000000,0,1867000000,334000000,0,0,0,1533000000,0,1533000000,,,985000000,1.90,1.56
CRM,2024-07-31,Quarter,9325000000,2159000000,7166000000,5383000000,1783000000,54000000,0,1837000000,408000000,0,0,0,1429000000,0,1429000000,,,973000000,1.92,1.47
CRM,2024-10-31,Quarter,9444000000,2105000000,7339000000,5446000000,1893000000,-147000000,0,1746000000,219000000,0,0,0,1527000000,0,1527000000,,,965000000,1.86,1.58
CRM,2025-01-31,Quarter,9993000000,2217000000,7776000000,5956000000,1820000000,168000000,0,1988000000,280000000,0,0,0,1708000000,0,1708000000,,,974000000,2.22,1.75
CRM,2025-04-30,Quarter,9829000000,2265000000,7564000000,5622000000,1942000000,32000000,0,1974000000,433000000,0,0,0,1541000000,0,1541000000,,,970000000,1.94,1.59
CRM,2025-07-31,Quarter,10236000000,2242000000,7994000000,5662000000,2332000000,74000000,0,2406000000,519000000,0,0,0,1887000000,0,1887000000,,,962000000,2.27,1.96
CRWD,2020-01-31,Quarter,152110000,43420000,108690000,139820000,-31130000,3200000,150000,-28080000,330000,0,0,0,-28410000,0,-28410000,,,207570000,-0.14,0.16
CRWD,2020-04-30,Quarter,178080000,46900000,131180000,153760000,-22580000,4530000,140000,-18190000,1040000,0,0,0,-19220000,0,-19220000,,,213130000,-0.09,-0.09
CRWD,2020-07-31,Quarter,198970000,54390000,144580000,174570000,-29990000,730000,170000,-29430000,440000,0,0,0,-29870000,0,-29870000,,,216700000,-0.13,-0.14
CRWD,2020-10-31,Quarter,232460000,61530000,170930000,195090000,-24160000,270000,190000,-24080000,450000,0,0,0,-24530000,0,-24530000,,,219400000,-0.10,-0.11
CRWD,2021-01-31,Quarter,264930000,66730000,198200000,214000000,-15800000,680000,1050000,-16170000,2830000,0,0,0,-19000000,0,-19000000,,,221700000,-0.08,-0.09
CRWD,2021-04-30,Quarter,302840000,78510000,224340000,255690000,-31350000,4770000,6230000,-32810000,50060000,2180000,0,0,-82870000,0,-85050000,,,224150000,-0.14,-0.38
CRWD,2021-07-31,Quarter,337690000,90430000,247260000,294670000,-47410000,620000,6300000,-53080000,4240000,0,0,0,-57320000,0,-57320000,,,226360000,-0.21,-0.25
CRWD,2021-10-31,Quarter,380050000,101660000,278390000,318650000,-40260000,690000,6400000,-45980000,4470000,10000,0,0,-50450000,0,-50460000,,,228290000,-0.19,-0.22
CRWD,2022-01-31,Quarter,431010000,112620000,318390000,341930000,-23540000,1680000,6300000,-28160000,13580000,240000,0,0,-41740000,0,-41980000,,,229660000,-0.09,-0.18
CRWD,2022-04-30,Quarter,487830000,126830000,361000000,384890000,-23890000,3210000,6300000,-26970000,3440000,1110000,0,0,-30410000,0,-31520000,,,231180000,-0.13,-0.14
CRWD,2022-07-31,Quarter,535150000,140570000,394590000,442890000,-48300000,11110000,6340000,-43540000,4780000,970000,0,0,-48310000,0,-49290000,,,232550000,-0.19,-0.21
CRWD,2022-10-31,Quarter,580880000,158230000,422650000,479080000,-56430000,17000000,6330000,-45760000,8870000,330000,0,0,-54630000,0,-54960000,,,233790000,-0.20,-0.24
CRWD,2023-01-31,Quarter,637370000,175600000,461760000,523270000,-61510000,24230000,6350000,-43620000,5310000,-1450000,0,0,-48930000,0,-47480000,,,235030000,-0.17,-0.20
CRWD,2023-04-30,Quarter,692580000,169230000,523350000,542810000,-19460000,30750000,6390000,4910000,4410000,10000,0,0,500000,0,490000,,,240600000,0.03,0.00
CRWD,2023-07-31,Quarter,731630000,182920000,548710000,564080000,-15370000,34900000,6440000,13090000,4610000,0,0,0,8480000,0,8470000,,,242140000,0.06,0.03
CRWD,2023-10-31,Quarter,786010000,195000000,591010000,587850000,3160000,39610000,6500000,36270000,9600000,0,0,0,26670000,0,26670000,,,243800000,0.16,0.11
CRWD,2024-01-31,Quarter,845340000,208570000,636760000,607090000,29670000,45300000,6420000,68550000,13610000,1240000,0,0,54940000,0,53700000,,,247940000,0.24,0.23
CRWD,2024-04-30,Quarter,921040000,225000000,696030000,689100000,6930000,53510000,6510000,53930000,7670000,3440000,0,0,46260000,0,42820000,,,250160000,0.20,0.17
CRWD,2024-07-31,Quarter,963870000,237400000,726470000,712820000,13650000,50500000,6550000,57600000,10910000,-320000,0,0,46690000,0,47010000,,,251270000,0.24,0.19
CRWD,2024-10-31,Quarter,1010180000,255090000,755090000,810810000,-55720000,51770000,6590000,-10540000,6280000,0,0,0,-16820000,0,-16820000,,,245540000,0.08,-0.07
CRWD,2025-01-31,Quarter,1058540000,273990000,784550000,869850000,-85300000,45500000,6660000,-46460000,46270000,-450000,0,0,-92730000,0,-92280000,,,246930000,-0.05,-0.37
CRWD,2025-04-30,Quarter,1103430000,289140000,814290000,938950000,-124660000,41480000,6720000,-89890000,21110000,-790000,0,0,-110990000,0,-110210000,,,248430000,-0.23,-0.44
CRWD,2025-07-31,Quarter,1168950000,310280000,858670000,971650000,-112980000,48130000,6820000,-71670000,5970000,30000,0,0,-77650000,0,-77680000,,,249910000,-0.02,-0.31
CSCO,2020-01-31,Quarter,12005000000,4241000000,7764000000,4384000000,3380000000,312000000,158000000,3534000000,656000000,0,0,0,2878000000,0,2878000000,,,4260000000,0.71,0.68
CSCO,2020-04-30,Quarter,11983000000,4212000000,7771000000,4357000000,3414000000,160000000,130000000,3444000000,670000000,0,0,0,2774000000,0,2774000000,,,4243000000,0.72,0.65
CSCO,2020-07-31,Quarter,12154000000,4470000000,7684000000,4437000000,3247000000,178000000,119000000,3306000000,670000000,0,0,0,2636000000,0,2636000000,,,4244000000,0.72,0.63
CSCO,2020-10-31,Quarter,11929000000,4348000000,7581000000,5011000000,2570000000,223000000,112000000,2681000000,507000000,0,0,0,2174000000,0,2174000000,,,4244000000,0.68,0.51
CSCO,2021-01-31,Quarter,11960000000,4176000000,7784000000,4561000000,3223000000,145000000,113000000,3255000000,710000000,0,0,0,2545000000,0,2545000000,,,4234000000,0.71,0.60
CSCO,2021-04-30,Quarter,12803000000,4618000000,8185000000,4720000000,3465000000,237000000,111000000,3591000000,728000000,0,0,0,2863000000,0,2863000000,,,4238000000,0.75,0.68
CSCO,2021-07-31,Quarter,13126000000,4782000000,8344000000,4769000000,3575000000,258000000,98000000,3735000000,726000000,0,0,0,3009000000,0,3009000000,,,4238000000,0.76,0.71
CSCO,2021-10-31,Quarter,12900000000,4847000000,8053000000,4615000000,3438000000,308000000,89000000,3657000000,677000000,0,0,0,2980000000,0,2980000000,,,4243000000,0.73,0.70
CSCO,2022-01-31,Quarter,12720000000,4671000000,8049000000,4562000000,3487000000,204000000,88000000,3603000000,630000000,0,0,0,2973000000,0,2973000000,,,4205000000,0.77,0.71
CSCO,2022-04-30,Quarter,12835000000,4714000000,8121000000,4511000000,3610000000,281000000,90000000,3801000000,757000000,0,0,0,3044000000,0,3044000000,,,4170000000,0.78,0.73
CSCO,2022-07-31,Quarter,13102000000,5077000000,8025000000,4591000000,3434000000,75000000,93000000,3416000000,601000000,0,0,0,2815000000,0,2815000000,,,4137000000,0.74,0.68
CSCO,2022-10-31,Quarter,13632000000,5286000000,8346000000,4806000000,3540000000,35000000,100000000,3475000000,805000000,0,0,0,2670000000,0,2670000000,,,4116000000,0.77,0.65
CSCO,2023-01-31,Quarter,13592000000,5165000000,8427000000,5135000000,3292000000,230000000,107000000,3415000000,642000000,0,0,0,2773000000,0,2773000000,,,4116000000,0.76,0.67
CSCO,2023-04-30,Quarter,14571000000,5339000000,9232000000,5286000000,3946000000,120000000,109000000,3957000000,745000000,0,0,0,3212000000,0,3212000000,,,4110000000,0.88,0.78
CSCO,2023-07-31,Quarter,15203000000,5455000000,9748000000,5495000000,4253000000,329000000,111000000,4471000000,513000000,0,0,0,3958000000,0,3958000000,,,4093000000,1.01,0.97
CSCO,2023-10-31,Quarter,14668000000,5111000000,9557000000,5281000000,4276000000,277000000,111000000,4442000000,804000000,0,0,0,3638000000,0,3638000000,,,4087000000,0.98,0.89
CSCO,2024-01-31,Quarter,12791000000,4574000000,8217000000,5121000000,3096000000,185000000,120000000,3161000000,527000000,0,0,0,2634000000,0,2634000000,,,4073000000,0.72,0.65
CSCO,2024-04-30,Quarter,12702000000,4429000000,8273000000,6082000000,2191000000,401000000,357000000,2235000000,349000000,0,0,0,1886000000,0,1886000000,,,4060000000,0.72,0.46
CSCO,2024-07-31,Quarter,13642000000,4861000000,8781000000,6163000000,2618000000,196000000,418000000,2396000000,234000000,0,0,0,2162000000,0,2162000000,,,4035000000,0.71,0.54
CSCO,2024-10-31,Quarter,13841000000,4720000000,9121000000,6763000000,2358000000,327000000,418000000,2267000000,-444000000,0,0,0,2711000000,0,2711000000,,,4013000000,0.75,0.68
CSCO,2025-01-31,Quarter,13991000000,4880000000,9111000000,5998000000,3113000000,178000000,404000000,2887000000,459000000,0,0,0,2428000000,0,2428000000,,,4005000000,0.77,0.61
CSCO,2025-04-30,Quarter,14149000000,4871000000,9278000000,6076000000,3202000000,148000000,403000000,2947000000,456000000,0,0,0,2491000000,0,2491000000,,,4002000000,0.78,0.62
CSCO,2025-07-31,Quarter,14673000000,5393000000,9280000000,6193000000,3087000000,280000000,368000000,2999000000,449000000,0,0,0,2550000000,0,2550000000,,,3992000000,0.81,0.64
CSCO,2025-10-31,Quarter,14883000000,5138000000,9745000000,6382000000,3363000000,378000000,350000000,3391000000,531000000,0,0,0,2860000000,0,2860000000,,,3993000000,0.81,0.72
CVX,2020-03-31,Quarter,31501000000,16676000000,14825000000,10518000000,4307000000,0,162000000,4145000000,564000000,-18000000,0,0,3581000000,0,3599000000,,,1865650000,1.29,1.93
CVX,2020-06-30,Quarter,13494000000,9109000000,4385000000,14810000000,-10425000000,0,172000000,-10597000000,-2320000000,-7000000,0,0,-8277000000,0,-8270000000,,,1853310000,-1.59,-4.44
CVX,2020-09-30,Quarter,24450000,14540000,9910000,9800000,110000,0,160000,-40000,170000,0,0,0,-210000,0,-210000,,,1853530000,0.11,-0.12
CVX,2020-12-31,Quarter,25246000000,14663000000,10583000000,11341000000,-758000000,0,199000000,-957000000,-301000000,9000000,0,0,-656000000,0,-665000000,,,1910720000,-0.01,-0.33
CVX,2021-03-31,Quarter,32029000000,18988000000,13041000000,10666000000,2375000000,0,198000000,2177000000,779000000,21000000,0,0,1398000000,0,1377000000,,,1915890000,0.90,0.72
CVX,2021-06-30,Quarter,37597000000,22195000000,15402000000,10795000000,4607000000,0,185000000,4422000000,1328000000,12000000,0,0,3094000000,0,3082000000,,,1921960000,1.71,1.60
CVX,2021-09-30,Quarter,44710000000,25909000000,18801000000,10572000000,8229000000,0,174000000,8055000000,1940000000,4000000,0,0,6115000000,0,6111000000,,,1921100000,2.96,3.19
CVX,2021-12-31,Quarter,48129000000,29120000000,19009000000,11869000000,7140000000,0,155000000,6985000000,1903000000,27000000,0,0,5082000000,0,5055000000,,,1922080000,2.56,2.63
CVX,2022-03-31,Quarter,54373000000,34651000000,19722000000,10532000000,9190000000,0,136000000,9054000000,2777000000,18000000,0,0,6277000000,0,6259000000,,,1944540000,3.36,3.22
CVX,2022-06-30,Quarter,68762000000,41566000000,27196000000,11064000000,16132000000,0,129000000,16003000000,4288000000,93000000,0,0,11715000000,0,11622000000,,,1957110000,5.82,5.95
CVX,2022-09-30,Quarter,66644000000,39797000000,26847000000,11910000000,14937000000,0,128000000,14809000000,3571000000,7000000,0,0,11238000000,0,11231000000,,,1940000000,5.56,5.78
CVX,2022-12-31,Quarter,56473000000,33434000000,23039000000,13108000000,9931000000,0,123000000,9808000000,3430000000,25000000,0,0,6378000000,0,6353000000,,,1919730000,4.09,3.33
CVX,2023-03-31,Quarter,50793000000,30503000000,20290000000,10656000000,9634000000,0,115000000,9519000000,2914000000,31000000,0,0,6605000000,0,6574000000,,,1900790000,3.55,3.46
CVX,2023-06-30,Quarter,48896000000,30025000000,18871000000,10914000000,7957000000,0,120000000,7837000000,1829000000,-2000000,0,0,6008000000,0,6010000000,,,1875510000,3.08,3.20
CVX,2023-09-30,Quarter,54080000000,33349000000,20731000000,11879000000,8852000000,0,114000000,8738000000,2183000000,29000000,0,0,6555000000,0,6526000000,,,1877100000,3.05,3.48
CVX,2023-12-31,Quarter,47180000000,29539000000,17641000000,14031000000,3610000000,0,120000000,3490000000,1247000000,-16000000,0,0,2243000000,0,2259000000,,,1868100000,3.45,1.22
CVX,2024-03-31,Quarter,48716000000,28865000000,19851000000,11811000000,8040000000,0,118000000,7922000000,2371000000,50000000,0,0,5551000000,0,5501000000,,,1849120000,2.93,2.97
CVX,2024-06-30,Quarter,51181000000,32055000000,19126000000,11977000000,7149000000,0,113000000,7036000000,2593000000,9000000,0,0,4443000000,0,4434000000,,,1833430000,2.55,2.43
CVX,2024-09-30,Quarter,50669000000,31713000000,18956000000,12303000000,6653000000,0,164000000,6489000000,1993000000,9000000,0,0,4496000000,0,4487000000,,,1807030000,2.51,2.48
CVX,2024-12-31,Quarter,52226000000,31289000000,20937000000,14679000000,6258000000,0,199000000,6059000000,2800000000,20000000,0,0,3259000000,0,3239000000,,,1777370000,2.06,1.84
CVX,2025-03-31,Quarter,47610000000,29865000000,17745000000,11950000000,5795000000,0,212000000,5583000000,2071000000,12000000,0,0,3512000000,0,3500000000,,,1751440000,2.18,2.00
CVX,2025-06-30,Quarter,44822000000,28159000000,16663000000,12242000000,4421000000,0,274000000,4147000000,1632000000,25000000,0,0,2515000000,0,2490000000,,,1724400000,1.77,1.45
CVX,2025-09-30,Quarter,49726000000,28745000000,20981000000,15197000000,5784000000,0,370000000,5414000000,1801000000,74000000,0,0,3613000000,0,3539000000,,,1946040000,1.85,1.82
DAL,2020-03-31,Quarter,8592000000,6334000000,2258000000,2668000000,-410000000,-118000000,79000000,-607000000,-73000000,0,0,0,-534000000,0,-534000000,,,637000000,-0.51,-0.84
DAL,2020-06-30,Quarter,1468000000,3379000000,-1911000000,2904000000,-4815000000,-2005000000,194000000,-7014000000,-1297000000,0,0,0,-5717000000,0,-5717000000,,,635000000,-4.43,-9.01
DAL,2020-09-30,Quarter,3062000000,3492000000,-430000000,5956000000,-6386000000,-182000000,291000000,-6859000000,-1480000000,0,0,0,-5379000000,0,-5379000000,,,635000000,-3.30,-8.47
DAL,2020-12-31,Quarter,3973000000,3765000000,208000000,1066000000,-858000000,2548000000,365000000,-1107000000,-352000000,0,0,0,-755000000,0,-755000000,,,635000000,-2.53,-1.17
DAL,2021-03-31,Quarter,4150000000,4747000000,-597000000,801000000,-1398000000,244000000,361000000,-1515000000,-338000000,0,0,0,-1177000000,0,-1177000000,,,636000000,-3.55,-1.85
DAL,2021-06-30,Quarter,7126000000,5411000000,1715000000,899000000,816000000,298000000,338000000,776000000,124000000,0,0,0,652000000,0,652000000,,,642000000,-1.07,1.02
DAL,2021-09-30,Quarter,9154000000,6040000000,3114000000,909000000,2205000000,-359000000,314000000,1532000000,320000000,0,0,0,1212000000,0,1212000000,,,641000000,0.30,1.89
DAL,2021-12-31,Quarter,9469000000,6297000000,3172000000,2909000000,263000000,-392000000,266000000,-395000000,12000000,0,0,0,-407000000,0,-407000000,,,637000000,0.22,-0.62
DAL,2022-03-31,Quarter,9348000000,7037000000,2311000000,3094000000,-783000000,-143000000,274000000,-1200000000,-260000000,0,0,0,-940000000,0,-940000000,,,637000000,-1.23,-1.48
DAL,2022-06-30,Quarter,13824000000,8587000000,5237000000,3718000000,1519000000,-217000000,269000000,1033000000,298000000,0,0,0,735000000,0,735000000,,,641000000,1.44,1.15
DAL,2022-09-30,Quarter,13975000000,9072000000,4903000000,3447000000,1456000000,-246000000,248000000,962000000,267000000,0,0,0,695000000,0,695000000,,,641000000,1.51,1.08
DAL,2022-12-31,Quarter,13435000000,8720000000,4715000000,3246000000,1469000000,-100000000,238000000,1119000000,291000000,0,0,0,828000000,0,828000000,,,641000000,1.48,1.31
DAL,2023-03-31,Quarter,12759000000,8861000000,3898000000,4175000000,-277000000,-2000000,227000000,-506000000,-143000000,0,0,0,-363000000,0,-363000000,,,639000000,0.25,-0.57
DAL,2023-06-30,Quarter,15578000000,9602000000,5976000000,3485000000,2491000000,29000000,203000000,2317000000,490000000,0,0,0,1827000000,0,1827000000,,,642000000,2.68,2.84
DAL,2023-09-30,Quarter,15488000000,10037000000,5451000000,3467000000,1984000000,-267000000,196000000,1521000000,413000000,0,0,0,1108000000,0,1108000000,,,644000000,2.03,1.72
DAL,2023-12-31,Quarter,14223000000,9877000000,4346000000,3023000000,1323000000,1161000000,208000000,2276000000,239000000,0,0,0,2037000000,0,2037000000,,,644000000,1.28,3.18
DAL,2024-03-31,Quarter,13748000000,9514000000,4234000000,3620000000,614000000,-287000000,205000000,122000000,85000000,0,0,0,37000000,0,37000000,,,645000000,0.45,0.06
DAL,2024-06-30,Quarter,16658000000,10436000000,6222000000,3955000000,2267000000,-306000000,188000000,1773000000,468000000,0,0,0,1305000000,0,1305000000,,,648000000,2.36,2.01
DAL,2024-09-30,Quarter,15677000000,10426000000,5251000000,3854000000,1397000000,337000000,173000000,1561000000,289000000,0,0,0,1272000000,0,1272000000,,,647000000,1.50,1.97
DAL,2024-12-31,Quarter,15560000000,12398000000,3162000000,1445000000,1717000000,-334000000,181000000,1202000000,359000000,0,0,0,843000000,0,843000000,,,652000000,1.85,1.29
DAL,2025-03-31,Quarter,14040000000,9802000000,4238000000,3669000000,569000000,-70000000,179000000,320000000,80000000,0,0,0,240000000,0,240000000,,,652000000,0.46,0.37
DAL,2025-06-30,Quarter,16648000000,10573000000,6075000000,3973000000,2102000000,644000000,172000000,2574000000,444000000,0,0,0,2130000000,0,2130000000,,,652000000,2.10,3.27
DAL,2025-09-30,Quarter,16673000000,10779000000,5894000000,4210000000,1684000000,264000000,171000000,1777000000,360000000,0,0,0,1417000000,0,1417000000,,,654000000,1.71,2.17
DE,2020-01-31,Quarter,7631000000,5077000000,2554000000,1649000000,905000000,0,336000000,569000000,50000000,1000000,-1000000,0,518000000,0,517000000,,,317200000,1.63,1.63
DE,2020-04-30,Quarter,9253000000,6294000000,2959000000,1689000000,1270000000,0,342000000,928000000,245000000,0,-17000000,0,666000000,0,666000000,,,316200000,2.11,2.11
DE,2020-07-31,Quarter,8925000000,5835000000,3090000000,1530000000,1560000000,0,290000000,1270000000,457000000,0,-2000000,0,811000000,0,811000000,,,315800000,2.57,2.57
DE,2020-10-31,Quarter,9731000000,6471000000,3260000000,1865000000,1395000000,0,279000000,1116000000,330000000,1000000,-28000000,0,758000000,0,757000000,,,317100000,2.39,2.38
DE,2021-01-31,Quarter,9112000000,5805000000,3307000000,1508000000,1799000000,0,271000000,1528000000,308000000,0,4000000,0,1224000000,0,1224000000,,,316100000,3.87,3.87
DE,2021-04-30,Quarter,12058000000,7928000000,4130000000,1550000000,2580000000,0,268000000,2312000000,530000000,0,8000000,0,1790000000,0,1790000000,,,315200000,5.68,5.68
DE,2021-07-31,Quarter,11527000000,7574000000,3953000000,1559000000,2394000000,0,244000000,2150000000,491000000,0,8000000,0,1667000000,0,1667000000,,,313400000,5.32,5.32
DE,2021-10-31,Quarter,11327000000,7809000000,3518000000,1696000000,1822000000,0,210000000,1612000000,329000000,2000000,1000000,0,1284000000,0,1282000000,,,311500000,4.12,4.12
DE,2022-01-31,Quarter,9569000000,6695000000,2874000000,1494000000,1380000000,0,229000000,1151000000,250000000,1000000,3000000,0,904000000,0,903000000,,,309400000,2.92,2.92
DE,2022-04-30,Quarter,13370000000,8918000000,4452000000,1713000000,2739000000,0,187000000,2552000000,461000000,-1000000,6000000,0,2097000000,0,2098000000,,,308100000,6.81,6.81
DE,2022-07-31,Quarter,14102000000,9511000000,4591000000,1756000000,2835000000,0,296000000,2539000000,654000000,1000000,0,0,1885000000,0,1884000000,,,305700000,6.16,6.16
DE,2022-10-31,Quarter,15536000000,10214000000,5322000000,2087000000,3235000000,0,350000000,2885000000,642000000,-2000000,1000000,0,2244000000,0,2246000000,,,302100000,7.44,7.39
DE,2023-01-31,Quarter,12652000000,7934000000,4718000000,1746000000,2972000000,0,479000000,2493000000,537000000,-2000000,1000000,0,1957000000,0,1959000000,,,299100000,6.55,6.55
DE,2023-04-30,Quarter,17387000000,10730000000,6657000000,2240000000,4417000000,0,569000000,3848000000,991000000,-1000000,2000000,0,2859000000,0,2860000000,,,296500000,9.65,9.65
DE,2023-07-31,Quarter,15801000000,9624000000,6177000000,1948000000,4229000000,0,623000000,3606000000,636000000,-6000000,2000000,0,2972000000,0,2978000000,,,292100000,10.20,10.20
DE,2023-10-31,Quarter,15411000000,9427000000,5984000000,2130000000,3854000000,0,782000000,3072000000,707000000,-2000000,2000000,0,2367000000,0,2369000000,,,286900000,8.26,8.23
DE,2024-01-31,Quarter,12185000000,7200000000,4985000000,1968000000,3017000000,0,802000000,2215000000,469000000,-3000000,2000000,0,1748000000,0,1751000000,,,281100000,6.23,6.23
DE,2024-04-30,Quarter,15235000000,9157000000,6078000000,2125000000,3953000000,0,836000000,3117000000,751000000,-2000000,2000000,0,2368000000,0,2370000000,,,277900000,8.53,8.53
DE,2024-07-31,Quarter,13152000000,7848000000,5304000000,2109000000,3195000000,0,840000000,2355000000,625000000,-3000000,1000000,0,1731000000,0,1734000000,,,275600000,6.29,6.29
DE,2024-10-31,Quarter,11144000000,6570000000,4574000000,2185000000,2389000000,0,870000000,1519000000,249000000,-4000000,-29000000,0,1241000000,0,1245000000,,,273600000,4.55,4.57
DE,2025-01-31,Quarter,8508000000,5037000000,3471000000,1747000000,1724000000,0,829000000,895000000,27000000,-2000000,-1000000,0,867000000,0,869000000,,,272300000,3.19,3.19
DE,2025-04-30,Quarter,12763000000,7609000000,5154000000,2033000000,3121000000,0,784000000,2337000000,539000000,-3000000,3000000,0,1801000000,0,1804000000,,,271800000,6.64,6.64
DE,2025-07-31,Quarter,12018000000,7570000000,4448000000,2054000000,2394000000,0,794000000,1600000000,339000000,-18000000,10000000,0,1271000000,0,1289000000,,,271400000,4.75,4.75
DHR,2020-03-31,Quarter,4343100000,1900300000,2442800000,1745300000,697500000,61000000,47400000,711100000,116000000,0,0,0,595100000,0,595100000,,,707900000,1.05,0.81
DHR,2020-06-30,Quarter,5297400000,2444800000,2852600000,2008000000,844600000,454900000,78600000,1220900000,293600000,0,0,0,927300000,0,927300000,,,718200000,1.44,1.24
DHR,2020-09-30,Quarter,5883200000,2657700000,3225500000,2137900000,1087600000,10600000,76700000,1021500000,138000000,0,0,0,883500000,0,883500000,,,724300000,1.72,1.16
DHR,2020-12-31,Quarter,6760300000,2806200000,3954100000,2352800000,1601300000,12500000,72300000,1541500000,301400000,0,0,0,1240100000,0,1240100000,,,724500000,2.08,1.68
DHR,2021-03-31,Quarter,6858000000,2605000000,4253000000,2256000000,1997000000,144000000,58000000,2083000000,381000000,0,0,0,1702000000,0,1702000000,,,735100000,2.52,2.29
DHR,2021-06-30,Quarter,7218000000,2821000000,4397000000,2392000000,2005000000,100000000,62000000,2043000000,344000000,0,0,0,1699000000,86000000,1785000000,,,736000000,2.46,2.40
DHR,2021-09-30,Quarter,7229000000,2870000000,4359000000,3050000000,1309000000,140000000,62000000,1387000000,229000000,0,0,0,1158000000,0,1158000000,,,727000000,2.39,1.54
DHR,2021-12-31,Quarter,8148000000,3205000000,4943000000,2789000000,2154000000,-13000000,56000000,2085000000,297000000,0,0,0,1788000000,0,1788000000,,,738400000,2.69,2.38
DHR,2022-03-31,Quarter,7688000000,2983000000,4705000000,2533000000,2172000000,-19000000,54000000,2099000000,374000000,0,0,0,1725000000,0,1725000000,,,737700000,2.76,2.31
DHR,2022-06-30,Quarter,7751000000,3030000000,4721000000,2516000000,2205000000,-85000000,51000000,2069000000,389000000,0,0,0,1680000000,0,1680000000,,,736000000,2.76,2.25
DHR,2022-09-30,Quarter,7663000000,3079000000,4584000000,2569000000,2015000000,-42000000,42000000,1931000000,359000000,0,0,0,1572000000,0,1572000000,,,737400000,2.56,2.10
DHR,2022-12-31,Quarter,8369000000,3430000000,4939000000,2643000000,2296000000,-39000000,64000000,2193000000,-39000000,0,0,0,2232000000,0,2232000000,,,745700000,2.87,2.99
DHR,2023-03-31,Quarter,7167000000,2797000000,4370000000,2576000000,1794000000,72000000,68000000,1798000000,348000000,0,0,0,1450000000,0,1450000000,,,737200000,2.36,1.94
DHR,2023-06-30,Quarter,7157000000,3116000000,4041000000,2612000000,1429000000,30000000,67000000,1392000000,286000000,0,0,0,1106000000,0,1106000000,,,744700000,2.05,1.49
DHR,2023-09-30,Quarter,6873000000,2873000000,4000000000,2562000000,1438000000,32000000,73000000,1397000000,268000000,0,0,0,1129000000,0,1129000000,,,745900000,2.02,1.51
DHR,2023-12-31,Quarter,2693000000,1070000000,1623000000,1082000000,541000000,-6000000,78000000,457000000,-79000000,0,0,0,536000000,-42000000,1079000000,,,746100000,2.09,1.44
DHR,2024-03-31,Quarter,5796000000,2309000000,3487000000,2175000000,1312000000,24000000,65000000,1271000000,183000000,0,0,0,1088000000,0,1088000000,,,748600000,1.92,1.45
DHR,2024-06-30,Quarter,5743000000,2315000000,3428000000,2260000000,1168000000,-20000000,65000000,1083000000,176000000,0,0,0,907000000,0,907000000,,,742400000,1.72,1.22
DHR,2024-09-30,Quarter,5798000000,2397000000,3401000000,2443000000,958000000,106000000,87000000,977000000,159000000,0,0,0,818000000,0,818000000,,,729400000,1.71,1.12
DHR,2024-12-31,Quarter,6538000000,2648000000,3890000000,2465000000,1425000000,-49000000,61000000,1315000000,229000000,0,0,0,1086000000,0,1086000000,,,728200000,2.14,1.50
DHR,2025-03-31,Quarter,5741000000,2230000000,3511000000,2237000000,1274000000,-73000000,72000000,1129000000,175000000,0,0,0,954000000,0,954000000,,,720800000,1.88,1.32
DHR,2025-06-30,Quarter,5936000000,2413000000,3523000000,2763000000,760000000,-34000000,71000000,655000000,100000000,0,0,0,555000000,0,555000000,,,719100000,1.80,0.77
DHR,2025-09-30,Quarter,6053000000,2530000000,3523000000,2369000000,1154000000,-11000000,67000000,1076000000,168000000,0,0,0,908000000,0,908000000,,,713700000,1.89,1.27
DIS,2020-03-31,Quarter,18009000000,11918000000,6091000000,4866000000,1225000000,135000000,300000000,1060000000,525000000,60000000,0,0,535000000,-15000000,460000000,,,1808000000,0.60,0.25
DIS,2020-06-30,Quarter,11779000000,7896000000,3883000000,8879000000,-4996000000,568000000,412000000,-4840000000,-331000000,209000000,0,0,-4509000000,-3000000,-4721000000,,,1809000000,0.08,-2.61
DIS,2020-12-31,Quarter,16249000000,11775000000,4474000000,4328000000,146000000,224000000,324000000,46000000,16000000,1000000,0,0,30000000,-12000000,17000000,,,1823000000,0.32,0.01
DIS,2021-03-31,Quarter,15613000000,9782000000,5831000000,4799000000,1032000000,518000000,320000000,1230000000,108000000,210000000,0,0,1122000000,-11000000,901000000,,,1829000000,0.79,0.49
DIS,2021-06-30,Quarter,17022000000,11233000000,5789000000,4469000000,1320000000,120000000,445000000,995000000,-133000000,205000000,0,0,1128000000,-5000000,918000000,,,1830000000,0.80,0.50
DIS,2021-09-30,Quarter,18534000000,12341000000,6193000000,5686000000,507000000,100000000,317000000,290000000,34000000,96000000,0,0,256000000,-1000000,159000000,,,1830000000,0.37,0.09
DIS,2021-12-31,Quarter,21819000000,14567000000,7252000000,5056000000,2196000000,-197000000,311000000,1688000000,488000000,48000000,0,0,1200000000,-48000000,1104000000,,,1828000000,1.06,0.60
DIS,2022-03-31,Quarter,19249000000,12594000000,6655000000,5250000000,1405000000,52000000,355000000,1102000000,505000000,127000000,0,0,597000000,0,470000000,,,1828000000,1.08,0.26
DIS,2022-06-30,Quarter,21504000000,13682000000,7822000000,5432000000,2390000000,89000000,360000000,2119000000,617000000,93000000,0,0,1502000000,0,1409000000,,,1823000000,1.09,0.77
DIS,2022-09-30,Quarter,20150000000,13558000000,6592000000,6050000000,542000000,205000000,371000000,376000000,122000000,92000000,0,0,254000000,0,162000000,,,1824000000,0.30,0.09
DIS,2022-12-31,Quarter,23512000000,16386000000,7126000000,5202000000,1924000000,149000000,300000000,1773000000,412000000,82000000,0,0,1361000000,0,1279000000,,,1827000000,0.99,0.70
DIS,2023-03-31,Quarter,21815000000,14616000000,7199000000,5076000000,2123000000,322000000,322000000,2123000000,635000000,217000000,0,0,1488000000,0,1271000000,,,1831000000,0.93,0.69
DIS,2023-06-30,Quarter,22330000000,14471000000,7859000000,7868000000,-9000000,180000000,305000000,-134000000,19000000,307000000,0,0,-153000000,0,-460000000,,,1829000000,1.03,-0.25
DIS,2023-09-30,Quarter,21241000000,19158000000,2083000000,2430000000,-347000000,227000000,282000000,1007000000,313000000,430000000,0,0,694000000,0,264000000,,,1833000000,0.82,0.14
DIS,2023-12-31,Quarter,23549000000,15587000000,7962000000,5026000000,2936000000,181000000,246000000,2871000000,720000000,240000000,0,0,2151000000,0,1911000000,,,1835000000,1.22,1.04
DIS,2024-03-31,Quarter,22083000000,14172000000,7911000000,7084000000,827000000,141000000,311000000,657000000,441000000,236000000,0,0,216000000,0,-20000000,,,1834000000,1.21,-0.01
DIS,2024-06-30,Quarter,23155000000,14709000000,8446000000,5092000000,3354000000,81000000,342000000,3093000000,251000000,221000000,0,0,2842000000,0,2621000000,,,1829000000,1.39,1.43
DIS,2024-09-30,Quarter,22574000000,14230000000,8344000000,7142000000,1202000000,107000000,361000000,948000000,384000000,104000000,0,0,564000000,0,460000000,,,1814000000,1.14,0.26
DIS,2024-12-31,Quarter,24690000000,15406000000,9284000000,5349000000,3935000000,92000000,367000000,3660000000,1016000000,90000000,0,0,2644000000,0,2554000000,,,1818000000,1.76,1.40
DIS,2025-03-31,Quarter,23621000000,14810000000,8811000000,5414000000,3397000000,36000000,346000000,3087000000,-314000000,126000000,0,0,3401000000,0,3275000000,,,1814000000,1.45,1.81
DIS,2025-06-30,Quarter,23650000000,14532000000,9118000000,5658000000,3460000000,75000000,324000000,3211000000,-2732000000,681000000,0,0,5943000000,0,5262000000,,,1805000000,1.61,2.92
DIS,2025-09-30,Quarter,22464000000,14018000000,8446000000,6225000000,2221000000,92000000,268000000,2045000000,602000000,130000000,0,0,1443000000,0,1313000000,,,1806000000,1.11,0.72
DUK,2020-03-31,Quarter,5949000000,2985000000,2964000000,1476000000,1488000000,90000000,551000000,1027000000,137000000,-48000000,0,0,890000000,0,938000000,,,736000000,1.14,1.24
DUK,2020-06-30,Quarter,5421000000,2761000000,2660000000,1483000000,1177000000,-1831000000,554000000,-1208000000,-316000000,-90000000,0,0,-892000000,0,-802000000,,,735000000,1.08,-1.13
DUK,2020-09-30,Quarter,6721000000,3340000000,3381000000,1567000000,1814000000,47000000,522000000,1339000000,105000000,-70000000,0,0,1234000000,0,1304000000,,,735000000,1.87,1.74
DUK,2020-12-31,Quarter,5777000000,3213000000,2564000000,2490000000,74000000,142000000,535000000,-319000000,-162000000,-87000000,0,0,-157000000,7000000,-63000000,,,742000000,1.03,-0.13
DUK,2021-03-31,Quarter,6150000000,3121000000,3029000000,1579000000,1450000000,110000000,535000000,1025000000,84000000,-51000000,0,0,941000000,0,992000000,,,769000000,1.26,1.25
DUK,2021-06-30,Quarter,5758000000,2904000000,2854000000,1685000000,1169000000,137000000,572000000,734000000,36000000,-67000000,0,0,698000000,0,765000000,,,769000000,1.15,0.96
DUK,2021-09-30,Quarter,6951000000,3426000000,3525000000,1838000000,1687000000,260000000,581000000,1366000000,90000000,-129000000,0,0,1276000000,0,1405000000,,,769000000,1.88,1.79
DUK,2021-12-31,Quarter,6238000000,3551000000,2687000000,1620000000,1067000000,164000000,592000000,639000000,-18000000,-82000000,0,0,657000000,7000000,746000000,,,769000000,0.94,0.94
DUK,2022-03-31,Quarter,7132000000,3928000000,3204000000,1925000000,1279000000,114000000,587000000,806000000,-14000000,-37000000,0,0,820000000,0,857000000,,,770000000,1.30,1.08
DUK,2022-06-30,Quarter,6685000000,3608000000,3077000000,1664000000,1413000000,151000000,607000000,957000000,77000000,-27000000,0,0,880000000,0,907000000,,,770000000,1.14,1.14
DUK,2022-09-30,Quarter,7968000000,4212000000,3756000000,1732000000,2024000000,115000000,621000000,1518000000,128000000,-9000000,0,0,1390000000,23000000,1422000000,,,770000000,1.78,1.81
DUK,2022-12-31,Quarter,6983000000,4044000000,2939000000,1643000000,1296000000,125000000,624000000,797000000,109000000,-22000000,0,0,688000000,-1346000000,-636000000,,,747890000,1.11,-0.86
DUK,2023-03-31,Quarter,7276000000,3985000000,3291000000,1617000000,1674000000,171000000,720000000,1125000000,155000000,-43000000,0,0,970000000,-209000000,804000000,,,770000000,1.20,1.01
DUK,2023-06-30,Quarter,6578000000,3493000000,3085000000,1655000000,1430000000,167000000,727000000,870000000,119000000,16000000,0,0,751000000,-955000000,-220000000,,,771000000,0.91,-0.32
DUK,2023-09-30,Quarter,7994000000,4056000000,3938000000,1827000000,2111000000,178000000,774000000,1515000000,42000000,69000000,0,0,1473000000,-152000000,1252000000,,,771000000,1.94,1.59
DUK,2023-12-31,Quarter,7212000000,3770000000,3442000000,1587000000,1855000000,195000000,793000000,1257000000,122000000,-9000000,0,0,1135000000,-139000000,1005000000,,,780310000,1.51,1.26
DUK,2024-03-31,Quarter,7671000000,3946000000,3725000000,1762000000,1963000000,186000000,817000000,1332000000,178000000,13000000,0,0,1154000000,-3000000,1138000000,,,771000000,1.44,1.44
DUK,2024-06-30,Quarter,7172000000,3626000000,3546000000,1839000000,1707000000,188000000,824000000,1071000000,140000000,21000000,0,0,931000000,-10000000,900000000,,,772000000,1.18,1.13
DUK,2024-09-30,Quarter,8154000000,4123000000,4031000000,1887000000,2144000000,181000000,872000000,1453000000,163000000,34000000,0,0,1290000000,25000000,1281000000,,,773000000,1.62,1.60
DUK,2024-12-31,Quarter,7360000000,3465000000,3895000000,1783000000,2112000000,97000000,871000000,1338000000,109000000,22000000,0,0,1229000000,-2000000,1205000000,,,773380000,1.66,1.54
DUK,2025-03-31,Quarter,8249000000,3972000000,4277000000,1934000000,2343000000,143000000,889000000,1597000000,193000000,25000000,0,0,1404000000,0,1379000000,,,777000000,1.76,1.76
DUK,2025-06-30,Quarter,7508000000,3691000000,3817000000,1987000000,1830000000,194000000,897000000,1127000000,119000000,23000000,0,0,1008000000,-1000000,984000000,,,777000000,1.25,1.25
DUK,2025-09-30,Quarter,8542000000,4161000000,4381000000,2047000000,2334000000,198000000,902000000,1630000000,176000000,33000000,0,0,1454000000,0,1421000000,,,778000000,1.81,1.81
EOG,2020-03-31,Quarter,4717690000,666440000,4051260000,3993670000,57590000,18110000,44690000,31000000,21190000,0,0,0,9810000,0,9810000,,,580280000,0.55,0.02
EOG,2020-06-30,Quarter,1103370000,493840000,609530000,1696080000,-1086550000,-4500000,54210000,-1145260000,-235880000,0,0,0,-909380000,0,-909380000,,,578720000,-0.23,-1.57
EOG,2020-09-30,Quarter,2245480000,522520000,1722960000,1725680000,-2720000,3400000,53240000,-52560000,-10090000,0,0,0,-42470000,0,-42470000,,,579060000,0.43,-0.07
EOG,2020-12-31,Quarter,2965500000,574780000,2390720000,1903050000,487670000,-6780000,53120000,427760000,90290000,0,0,0,337470000,0,337470000,,,580890000,0.71,0.58
EOG,2021-03-31,Quarter,3694000000,611000000,3083000000,2151000000,932000000,-4000000,47000000,881000000,204000000,0,0,0,677000000,0,677000000,,,583000000,1.62,1.16
EOG,2021-06-30,Quarter,4139000000,612000000,3527000000,2356000000,1171000000,-2000000,45000000,1124000000,217000000,0,0,0,907000000,0,907000000,,,584000000,1.73,1.55
EOG,2021-09-30,Quarter,4765000000,634000000,4131000000,2660000000,1471000000,6000000,48000000,1429000000,334000000,0,0,0,1095000000,0,1095000000,,,584000000,2.16,1.88
EOG,2021-12-31,Quarter,6044000000,700000000,5344000000,2816000000,2528000000,9000000,38000000,2499000000,514000000,0,0,0,1985000000,0,1985000000,,,585000000,3.09,3.40
EOG,2022-03-31,Quarter,3983000000,690000000,3293000000,2747000000,546000000,-1000000,48000000,497000000,107000000,0,0,0,390000000,0,390000000,,,586000000,4.00,0.67
EOG,2022-06-30,Quarter,7407000000,720000000,6687000000,3784000000,2903000000,27000000,48000000,2882000000,644000000,0,0,0,2238000000,0,2238000000,,,588000000,2.74,3.81
EOG,2022-09-30,Quarter,7593000000,759000000,6834000000,3170000000,3664000000,40000000,41000000,3663000000,809000000,0,0,0,2854000000,0,2854000000,,,587000000,3.71,4.86
EOG,2022-12-31,Quarter,6719000000,749000000,5970000000,3117000000,2853000000,48000000,42000000,2859000000,582000000,0,0,0,2277000000,0,2277000000,,,588000000,3.30,3.88
EOG,2023-03-31,Quarter,6044000000,754000000,5290000000,2718000000,2572000000,65000000,42000000,2595000000,572000000,0,0,0,2023000000,0,2023000000,,,587000000,2.69,3.45
EOG,2023-06-30,Quarter,5573000000,744000000,4829000000,2859000000,1970000000,51000000,35000000,1986000000,433000000,0,0,0,1553000000,0,1553000000,,,584000000,2.49,2.66
EOG,2023-09-30,Quarter,6212000000,775000000,5437000000,2880000000,2557000000,52000000,36000000,2573000000,543000000,0,0,0,2030000000,0,2030000000,,,583000000,3.44,3.48
EOG,2023-12-31,Quarter,6357000000,801000000,5556000000,3052000000,2504000000,66000000,35000000,2535000000,547000000,0,0,0,1988000000,0,1988000000,,,581000000,3.07,3.41
EOG,2024-03-31,Quarter,6123000000,809000000,5314000000,3043000000,2271000000,62000000,33000000,2300000000,511000000,0,0,0,1789000000,0,1789000000,,,577000000,2.82,3.10
EOG,2024-06-30,Quarter,6025000000,813000000,5212000000,3082000000,2130000000,66000000,36000000,2160000000,470000000,0,0,0,1690000000,0,1690000000,,,572000000,3.16,2.95
EOG,2024-09-30,Quarter,5965000000,837000000,5128000000,3039000000,2089000000,76000000,31000000,2134000000,461000000,0,0,0,1673000000,0,1673000000,,,568000000,2.89,2.95
EOG,2024-12-31,Quarter,5585000000,835000000,4750000000,3158000000,1592000000,70000000,38000000,1624000000,373000000,0,0,0,1251000000,0,1251000000,,,561000000,2.74,2.25
EOG,2025-03-31,Quarter,5669000000,841000000,4828000000,2969000000,1859000000,65000000,47000000,1877000000,414000000,0,0,0,1463000000,0,1463000000,,,553000000,2.87,2.65
EOG,2025-06-30,Quarter,5478000000,851000000,4627000000,2880000000,1747000000,55000000,51000000,1751000000,406000000,0,0,0,1345000000,0,1345000000,,,546000000,2.32,2.46
EOG,2025-09-30,Quarter,5847000000,1018000000,4829000000,2993000000,1836000000,59000000,71000000,1824000000,353000000,0,0,0,1471000000,0,1471000000,,,544000000,2.71,2.70
EQIX,2020-03-31,Quarter,1444540000,736280000,708260000,454780000,253480000,3000000,107340000,149150000,30190000,170000,0,0,118960000,0,118790000,,,86140000,1.38,1.38
EQIX,2020-06-30,Quarter,1470120000,739340000,730780000,448290000,282490000,4100000,108480000,178100000,44750000,50000,0,0,133350000,0,133300000,,,87900000,1.52,1.52
EQIX,2020-09-30,Quarter,1519770000,767980000,751790000,463440000,288350000,-91880000,99740000,96730000,29900000,140000,0,0,66830000,0,66690000,,,89520000,0.74,0.74
EQIX,2020-12-31,Quarter,1564120000,830740000,733380000,535760000,197620000,-45450000,90910000,92240000,41300000,-60000,0,0,50940000,0,50990000,,,89730000,0.57,0.54
EQIX,2021-03-31,Quarter,1596060000,811220000,784850000,487190000,297660000,-19280000,89680000,188700000,32630000,-290000,0,0,156070000,0,156360000,,,89840000,4.07,1.74
EQIX,2021-06-30,Quarter,1657920000,865120000,792800000,514150000,278650000,-141460000,87230000,49960000,-18530000,150000,0,0,68490000,0,68340000,,,90100000,0.76,0.76
EQIX,2021-09-30,Quarter,1675180000,885650000,789530000,507410000,282120000,2070000,78940000,205250000,53220000,-190000,0,0,152030000,0,152220000,,,90470000,1.68,1.68
EQIX,2021-12-31,Quarter,1706380000,910440000,795940000,546220000,249720000,-4460000,80230000,165040000,41900000,-130000,0,0,123140000,0,123270000,,,90750000,1.36,1.35
EQIX,2022-03-31,Quarter,1734450000,915880000,818570000,551260000,267310000,-6910000,79970000,180440000,32740000,240000,0,0,147690000,0,147450000,,,91160000,1.62,1.62
EQIX,2022-06-30,Quarter,1817150000,930260000,886900000,569040000,317860000,-2150000,90830000,224880000,8640000,-80000,0,0,216240000,0,216320000,,,91260000,2.37,2.37
EQIX,2022-09-30,Quarter,1840660000,934670000,905990000,572830000,333160000,4530000,91350000,246350000,34610000,70000,0,0,211740000,0,211670000,,,92140000,2.30,2.30
EQIX,2022-12-31,Quarter,1870850000,970700000,900140000,617950000,282190000,-10290000,94200000,177710000,48810000,0,0,0,128900000,0,128900000,,,92750000,1.39,1.38
EQIX,2023-03-31,Quarter,1998210000,1006090000,992120000,608000000,384120000,27150000,97480000,313790000,55060000,-60000,0,0,258730000,0,258790000,,,93340000,2.77,2.77
EQIX,2023-06-30,Quarter,2018410000,1060800000,957610000,625220000,332390000,11990000,99970000,244400000,37390000,-20000,0,0,207010000,0,207030000,,,93860000,2.21,2.21
EQIX,2023-09-30,Quarter,2061030000,1068990000,992040000,611690000,380350000,16780000,101390000,295750000,19990000,-30000,0,0,275760000,0,275790000,,,94170000,2.93,2.93
EQIX,2023-12-31,Quarter,2110490000,1091780000,1018710000,672300000,346410000,27070000,103180000,270300000,42830000,-90000,0,0,227480000,0,227570000,,,94670000,2.40,2.40
EQIX,2024-03-31,Quarter,2127000000,1091000000,1036000000,672000000,364000000,17000000,104000000,277000000,46000000,0,0,0,231000000,0,231000000,,,95160000,2.43,2.43
EQIX,2024-06-30,Quarter,2159000000,1082000000,1077000000,641000000,436000000,22000000,110000000,348000000,47000000,0,0,0,301000000,0,301000000,,,95170000,3.16,3.16
EQIX,2024-09-30,Quarter,2201000000,1098000000,1103000000,678000000,425000000,42000000,117000000,350000000,54000000,-1000000,0,0,296000000,0,297000000,,,95730000,3.10,3.10
EQIX,2024-12-31,Quarter,2261000000,1196000000,1065000000,931000000,134000000,23000000,126000000,0,14000000,0,0,0,-14000000,0,-14000000,,,96850000,-0.14,-0.19
EQIX,2025-03-31,Quarter,2225000000,1084000000,1141000000,683000000,458000000,56000000,122000000,392000000,49000000,0,0,0,343000000,0,343000000,,,97890000,3.50,3.50
EQIX,2025-06-30,Quarter,2256000000,1084000000,1172000000,678000000,494000000,46000000,135000000,405000000,38000000,-1000000,0,0,367000000,0,368000000,,,98050000,3.75,3.75
EQIX,2025-09-30,Quarter,2316000000,1142000000,1174000000,700000000,474000000,53000000,128000000,399000000,25000000,0,0,0,374000000,0,374000000,,,98170000,3.81,3.81
F,2020-03-31,Quarter,34320000000,30522000000,3798000000,5356000000,-1558000000,639000000,227000000,-1146000000,847000000,0,0,0,-1993000000,0,-1993000000,,,3963000000,-0.23,-0.50
F,2020-06-30,Quarter,19371000000,17932000000,1439000000,4198000000,-2759000000,4293000000,450000000,1084000000,-34000000,1000000,0,0,1118000000,0,1117000000,,,3992000000,-0.35,0.28
F,2020-09-30,Quarter,37501000000,31223000000,6278000000,3927000000,2351000000,903000000,498000000,2756000000,366000000,5000000,0,0,2390000000,0,2385000000,,,4005000000,0.65,0.60
F,2020-12-31,Quarter,35952000000,33075000000,2877000000,5319000000,-2442000000,-894000000,474000000,-3810000000,-1019000000,-3000000,0,0,-2791000000,0,-2788000000,,,4000000000,0.34,-0.70
F,2021-03-31,Quarter,36228000000,29297000000,6931000000,4467000000,2464000000,1951000000,473000000,3942000000,680000000,0,0,0,3262000000,0,3262000000,,,4016000000,0.89,0.81
F,2021-06-30,Quarter,26752000000,22904000000,3848000000,3870000000,-22000000,1210000000,453000000,735000000,182000000,-8000000,0,0,553000000,0,561000000,,,4028000000,0.13,0.14
F,2021-09-30,Quarter,35683000000,30057000000,5626000000,4284000000,1342000000,982000000,439000000,1885000000,63000000,-10000000,0,0,1822000000,0,1832000000,,,4036000000,0.51,0.45
F,2021-12-31,Quarter,37678000000,32393000000,5285000000,4546000000,739000000,10917000000,438000000,11218000000,-1055000000,-9000000,0,0,12273000000,0,12282000000,,,4055000000,0.26,3.05
F,2022-03-31,Quarter,34476000000,29036000000,5440000000,4097000000,1343000000,-4883000000,308000000,-3848000000,-729000000,-9000000,0,0,-3119000000,0,-3110000000,,,4008000000,0.38,-0.78
F,2022-06-30,Quarter,40190000000,33191000000,6999000000,4131000000,2868000000,-1765000000,312000000,791000000,153000000,-29000000,0,0,638000000,0,667000000,,,4052000000,0.68,0.16
F,2022-09-30,Quarter,39392000000,34354000000,5038000000,4534000000,504000000,-1308000000,321000000,-1125000000,-195000000,-103000000,0,0,-930000000,0,-827000000,,,4021000000,0.30,-0.21
F,2022-12-31,Quarter,43999000000,37816000000,6183000000,4622000000,1561000000,-77000000,318000000,1166000000,-93000000,-30000000,0,0,1259000000,0,1289000000,,,4047000000,0.51,0.34
F,2023-03-31,Quarter,41474000000,34669000000,6805000000,4692000000,2113000000,354000000,308000000,2159000000,496000000,-94000000,0,0,1663000000,0,1757000000,,,4029000000,0.63,0.44
F,2023-06-30,Quarter,44954000000,37471000000,7483000000,5022000000,2461000000,131000000,304000000,2288000000,272000000,99000000,0,0,2016000000,0,1917000000,,,4041000000,0.72,0.47
F,2023-09-30,Quarter,43801000000,37548000000,6253000000,5124000000,1129000000,582000000,324000000,1387000000,214000000,-26000000,0,0,1173000000,0,1199000000,,,4050000000,0.39,0.30
F,2023-12-31,Quarter,45962000000,40862000000,5100000000,5345000000,-245000000,-1256000000,366000000,-1867000000,-1344000000,3000000,0,0,-523000000,0,-526000000,,,4045000000,0.29,-0.13
F,2024-03-31,Quarter,42777000000,36476000000,6301000000,5076000000,1225000000,665000000,278000000,1612000000,278000000,2000000,0,0,1334000000,0,1332000000,,,4023000000,0.49,0.33
F,2024-06-30,Quarter,47808000000,40489000000,7319000000,5436000000,1883000000,825000000,270000000,2438000000,605000000,2000000,0,0,1833000000,0,1831000000,,,4022000000,0.47,0.46
F,2024-09-30,Quarter,46196000000,40168000000,6028000000,5148000000,880000000,261000000,272000000,869000000,-27000000,4000000,0,0,896000000,0,892000000,,,4018000000,0.49,0.22
F,2024-12-31,Quarter,48211000000,41301000000,6910000000,5679000000,1231000000,1378000000,295000000,2314000000,483000000,7000000,0,0,1831000000,0,1824000000,,,4020000000,0.39,0.45
F,2025-03-31,Quarter,40659000000,35188000000,5471000000,5152000000,319000000,590000000,288000000,621000000,148000000,2000000,0,0,473000000,0,471000000,,,4011000000,0.14,0.12
F,2025-06-30,Quarter,50184000000,44245000000,5939000000,5428000000,511000000,327000000,297000000,541000000,570000000,7000000,0,0,-29000000,0,-36000000,,,3980000000,0.37,-0.01
F,2025-09-30,Quarter,50534000000,43411000000,7123000000,5565000000,1558000000,581000000,321000000,1818000000,-630000000,1000000,0,0,2448000000,0,2447000000,,,4048000000,0.45,0.60
GD,2020-03-31,Quarter,8749000000,7261000000,1488000000,547000000,941000000,14000000,107000000,848000000,142000000,0,0,0,706000000,0,706000000,,,289900000,2.43,2.43
GD,2020-06-30,Quarter,9264000000,7849000000,1415000000,574000000,841000000,18000000,132000000,727000000,102000000,0,0,0,625000000,0,625000000,,,286900000,2.18,2.18
GD,2020-09-30,Quarter,9431000000,7836000000,1595000000,511000000,1084000000,12000000,118000000,978000000,144000000,0,0,0,834000000,0,834000000,,,287200000,2.90,2.90
GD,2020-12-31,Quarter,10481000000,8654000000,1827000000,560000000,1267000000,38000000,120000000,1185000000,183000000,0,0,0,1002000000,0,1002000000,,,287100000,3.49,3.49
GD,2021-03-31,Quarter,9389000000,7892000000,1497000000,559000000,938000000,30000000,123000000,845000000,137000000,0,0,0,708000000,0,708000000,,,285200000,2.48,2.48
GD,2021-06-30,Quarter,9220000000,7705000000,1515000000,556000000,959000000,31000000,109000000,881000000,144000000,0,0,0,737000000,0,737000000,,,282200000,2.61,2.61
GD,2021-09-30,Quarter,9568000000,7938000000,1630000000,550000000,1080000000,34000000,99000000,1015000000,155000000,0,0,0,860000000,0,860000000,,,280400000,3.07,3.07
GD,2021-12-31,Quarter,10292000000,8526000000,1766000000,580000000,1186000000,39000000,93000000,1132000000,180000000,0,0,0,952000000,0,952000000,,,280600000,3.39,3.39
GD,2022-03-31,Quarter,9392000000,7858000000,1534000000,626000000,908000000,39000000,98000000,849000000,119000000,0,0,0,730000000,0,730000000,,,279900000,2.61,2.61
GD,2022-06-30,Quarter,9189000000,7597000000,1592000000,614000000,978000000,40000000,95000000,923000000,157000000,0,0,0,766000000,0,766000000,,,278900000,2.75,2.75
GD,2022-09-30,Quarter,9975000000,8310000000,1665000000,567000000,1098000000,41000000,86000000,1053000000,151000000,0,0,0,902000000,0,902000000,,,276400000,3.26,3.26
GD,2022-12-31,Quarter,10851000000,9020000000,1831000000,604000000,1227000000,69000000,85000000,1211000000,219000000,0,0,0,992000000,0,992000000,,,277200000,3.58,3.57
GD,2023-03-31,Quarter,9881000000,8357000000,1524000000,586000000,938000000,33000000,91000000,880000000,150000000,0,0,0,730000000,0,730000000,,,276600000,2.64,2.64
GD,2023-06-30,Quarter,10152000000,8585000000,1567000000,605000000,962000000,13000000,89000000,886000000,142000000,0,0,0,744000000,0,744000000,,,275100000,2.70,2.70
GD,2023-09-30,Quarter,10571000000,8913000000,1658000000,601000000,1057000000,19000000,85000000,991000000,155000000,0,0,0,836000000,0,836000000,,,274700000,3.04,3.04
GD,2023-12-31,Quarter,11668000000,9745000000,1923000000,635000000,1288000000,17000000,78000000,1227000000,222000000,0,0,0,1005000000,0,1005000000,,,275900000,3.64,3.64
GD,2024-03-31,Quarter,10731000000,9068000000,1663000000,627000000,1036000000,14000000,82000000,968000000,169000000,0,0,0,799000000,0,799000000,,,277000000,2.88,2.88
GD,2024-06-30,Quarter,11976000000,10176000000,1800000000,644000000,1156000000,18000000,84000000,1090000000,185000000,0,0,0,905000000,0,905000000,,,277700000,3.26,3.26
GD,2024-09-30,Quarter,11671000000,9855000000,1816000000,635000000,1181000000,15000000,82000000,1114000000,184000000,0,0,0,930000000,0,930000000,,,277900000,3.35,3.35
GD,2024-12-31,Quarter,13338000000,11253000000,2085000000,662000000,1423000000,21000000,76000000,1368000000,220000000,0,0,0,1148000000,0,1148000000,,,276900000,4.15,4.14
GD,2025-03-31,Quarter,12223000000,10330000000,1893000000,625000000,1268000000,21000000,89000000,1200000000,206000000,0,0,0,994000000,0,994000000,,,271700000,3.66,3.66
GD,2025-06-30,Quarter,13041000000,11092000000,1949000000,644000000,1305000000,15000000,88000000,1232000000,218000000,0,0,0,1014000000,0,1014000000,,,270900000,3.74,3.74
GD,2025-09-30,Quarter,12907000000,10939000000,1968000000,637000000,1331000000,15000000,74000000,1272000000,213000000,0,0,0,1059000000,0,1059000000,,,272600000,3.88,3.88
GE,2020-03-31,Quarter,20524000000,15696000000,4828000000,3174000000,1654000000,5614000000,794000000,6475000000,63000000,34000000,0,0,6412000000,-178000000,6199000000,,,8749000000,0.05,0.70
GE,2020-06-30,Quarter,17750000000,15083000000,2667000000,4925000000,-2258000000,916000000,997000000,-2339000000,-199000000,-145000000,0,0,-2139000000,7000000,-1987000000,,,8750000000,-0.15,-0.26
GE,2020-09-30,Quarter,19417000000,15275000000,4142000000,3311000000,831000000,-1746000000,745000000,-1660000000,-501000000,-51000000,0,0,-1160000000,-35000000,-1144000000,,,8756000000,0.06,-0.13
GE,2020-12-31,Quarter,21928000000,14367000000,7561000000,5877000000,1684000000,1773000000,737000000,2721000000,163000000,4000000,0,0,2559000000,81000000,2636000000,,,1097380000,0.64,2.16
GE,2021-03-31,Quarter,17118000000,12538000000,4580000000,3484000000,1096000000,-359000000,500000000,238000000,142000000,5000000,0,0,97000000,-2894000000,-2803000000,,,1100880000,0.24,-2.64
GE,2021-06-30,Quarter,18279000000,13618000000,4661000000,3500000000,1161000000,-1710000000,488000000,-1037000000,-466000000,-3000000,0,0,-571000000,-564000000,-1132000000,,,1097500000,0.40,-1.12
GE,2021-09-30,Quarter,18429000000,13402000000,5027000000,3402000000,1625000000,-579000000,462000000,584000000,2000000,-73000000,0,0,582000000,602000000,1257000000,,,1105000000,0.57,1.08
GE,2021-12-31,Quarter,20370000000,14338000000,6032000000,3954000000,2078000000,-5118000000,426000000,-3468000000,36000000,0,0,0,-3504000000,-339000000,-3842000000,,,1099000000,0.92,-3.48
GE,2022-03-31,Quarter,17040000000,12453000000,4587000000,4292000000,295000000,-413000000,406000000,-525000000,204000000,28000000,0,0,-729000000,-286000000,-1042000000,,,1105050000,0.24,-0.99
GE,2022-06-30,Quarter,18646000000,13244000000,5402000000,3416000000,1986000000,-1836000000,394000000,-244000000,317000000,19000000,0,0,-561000000,-210000000,-790000000,,,1099000000,0.78,-0.78
GE,2022-09-30,Quarter,19084000000,14371000000,4713000000,3554000000,1159000000,-824000000,390000000,-55000000,21000000,4000000,0,0,-76000000,-85000000,-164000000,,,1095000000,0.35,-0.21
GE,2022-12-31,Quarter,21785000000,15467000000,6318000000,4332000000,1986000000,664000000,417000000,2236000000,-66000000,16000000,0,0,2302000000,-63000000,2221000000,,,1091000000,1.24,1.93
GE,2023-03-31,Quarter,14486000000,10729000000,3757000000,2573000000,1184000000,5577000000,269000000,6492000000,271000000,-27000000,0,0,6221000000,1257000000,7505000000,,,1097000000,0.27,6.71
GE,2023-06-30,Quarter,16699000000,12362000000,4337000000,2813000000,1524000000,133000000,267000000,1390000000,333000000,4000000,0,0,1058000000,-1019000000,35000000,,,1150000000,0.68,-0.02
GE,2023-09-30,Quarter,17346000000,12904000000,4442000000,2642000000,1800000000,-1214000000,286000000,300000000,138000000,-14000000,0,0,161000000,173000000,349000000,,,1099000000,0.82,0.23
GE,2023-12-31,Quarter,19423000000,14397000000,5026000000,3074000000,1952000000,5132000000,296000000,2009000000,420000000,0,0,0,1589000000,3000000,1591000000,,,1100000000,1.03,1.44
GE,2024-03-31,Quarter,16053000000,11620000000,4433000000,2776000000,1657000000,489000000,278000000,1866000000,318000000,27000000,0,0,1549000000,14000000,1536000000,,,1103000000,0.82,1.39
GE,2024-06-30,Quarter,9094000000,5575000000,3519000000,1224000000,2295000000,-601000000,248000000,1447000000,125000000,2000000,0,0,1322000000,-54000000,1266000000,,,1100000000,1.20,1.15
GE,2024-09-30,Quarter,9842000000,6226000000,3616000000,1912000000,1704000000,440000000,251000000,1893000000,198000000,-10000000,0,0,1695000000,147000000,1852000000,,,1093000000,1.15,1.70
GE,2024-12-31,Quarter,3713000000,887000000,2826000000,62000000,2764000000,-143000000,209000000,2414000000,321000000,-8000000,0,0,2091000000,-198000000,1901000000,,,1085140000,1.32,1.75
GE,2025-03-31,Quarter,9935000000,5995000000,3940000000,1235000000,2705000000,-249000000,210000000,2245000000,283000000,-5000000,0,0,1962000000,10000000,1977000000,,,1080870000,1.49,1.83
GE,2025-06-30,Quarter,11023000000,6846000000,4177000000,1379000000,2798000000,-250000000,158000000,2389000000,388000000,-7000000,0,0,2000000000,21000000,2028000000,,,1073020000,1.66,1.89
GE,2025-09-30,Quarter,12181000000,7762000000,4419000000,1610000000,2809000000,-70000000,225000000,2515000000,344000000,-3000000,0,0,2171000000,-17000000,2157000000,,,1065000000,1.66,2.02
GM,2020-03-31,Quarter,32709000000,30082000000,2627000000,1970000000,657000000,311000000,193000000,775000000,357000000,-8000000,-132000000,0,286000000,0,294000000,,,1440000000,0.62,0.17
GM,2020-06-30,Quarter,16778000000,16682000000,96000000,1310000000,-1214000000,625000000,303000000,-892000000,-112000000,-22000000,0,0,-780000000,0,-758000000,,,1432000000,-0.50,-0.56
GM,2020-09-30,Quarter,35480000000,29428000000,6052000000,1628000000,4424000000,808000000,327000000,4905000000,887000000,-27000000,0,0,4018000000,0,4045000000,,,1439000000,2.83,2.78
GM,2020-12-31,Quarter,37518000000,32621000000,4897000000,2130000000,2767000000,662000000,275000000,2633000000,642000000,-49000000,806000000,0,2797000000,0,2846000000,,,1451000000,1.93,1.94
GM,2021-03-31,Quarter,32474000000,27394000000,5080000000,1803000000,3277000000,799000000,250000000,3826000000,1177000000,-8000000,365000000,0,3014000000,0,3022000000,,,1464000000,2.25,2.03
GM,2021-06-30,Quarter,34167000000,29160000000,5007000000,2125000000,2882000000,1111000000,243000000,3750000000,971000000,-57000000,0,0,2779000000,0,2836000000,,,1468000000,1.97,1.90
GM,2021-09-30,Quarter,26779000000,22986000000,3793000000,2148000000,1645000000,1123000000,230000000,2538000000,152000000,-34000000,0,0,2386000000,0,2420000000,,,1467000000,1.52,1.62
GM,2021-12-31,Quarter,33584000000,29586000000,3998000000,2478000000,1520000000,658000000,227000000,1301000000,471000000,25000000,936000000,0,1766000000,0,1741000000,,,1472000000,1.35,1.15
GM,2022-03-31,Quarter,35979000000,31279000000,4700000000,2504000000,2196000000,809000000,226000000,2779000000,-28000000,-131000000,0,0,2807000000,0,2939000000,,,1470000000,2.09,1.35
GM,2022-06-30,Quarter,35759000000,31350000000,4409000000,2293000000,2116000000,250000000,234000000,2132000000,490000000,-50000000,0,0,1642000000,0,1692000000,,,1465000000,1.14,1.14
GM,2022-09-30,Quarter,41889000000,36020000000,5869000000,2477000000,3392000000,965000000,259000000,4097000000,845000000,-53000000,0,0,3252000000,0,3305000000,,,1457000000,2.25,2.25
GM,2022-12-31,Quarter,43108000000,37105000000,6003000000,3393000000,2610000000,22000000,268000000,1752000000,581000000,8000000,837000000,0,2008000000,0,1998000000,,,1425000000,2.12,1.39
GM,2023-03-31,Quarter,39985000000,34859000000,5126000000,2547000000,2579000000,430000000,234000000,2775000000,428000000,-49000000,0,0,2347000000,0,2395000000,,,1402000000,2.21,1.69
GM,2023-06-30,Quarter,44746000000,39400000000,5346000000,2558000000,2788000000,466000000,226000000,3029000000,522000000,-59000000,0,0,2507000000,0,2566000000,,,1389000000,1.91,1.83
GM,2023-09-30,Quarter,44131000000,38775000000,5356000000,2344000000,3012000000,680000000,229000000,3464000000,470000000,-70000000,0,0,2994000000,0,3064000000,,,1378000000,2.28,2.20
GM,2023-12-31,Quarter,42980000000,39670000000,3310000000,2391000000,919000000,317000000,222000000,655000000,-857000000,-109000000,480000000,0,1992000000,0,2102000000,,,1307000000,1.24,1.60
GM,2024-03-31,Quarter,43014000000,37102000000,5912000000,2175000000,3737000000,197000000,219000000,3715000000,762000000,-27000000,0,0,2953000000,0,2980000000,,,1162000000,2.62,2.56
GM,2024-06-30,Quarter,47969000000,5481000000,42488000000,38615000000,3873000000,-24000000,206000000,3643000000,767000000,-57000000,0,0,2876000000,0,2933000000,,,1147000000,3.06,2.55
GM,2024-09-30,Quarter,48757000000,42360000000,6397000000,2745000000,3652000000,272000000,206000000,3717000000,709000000,-48000000,0,0,3008000000,0,3056000000,,,1131000000,2.96,2.68
GM,2024-12-31,Quarter,47702000000,79094000000,-31392000000,-32914000000,1522000000,501000000,215000000,2119000000,318000000,87000000,-4675000000,0,-2874000000,0,-2961000000,,,1075000000,1.92,-1.42
GM,2025-03-31,Quarter,44020000000,38682000000,5338000000,1985000000,3353000000,372000000,152000000,3572000000,719000000,69000000,0,0,2853000000,0,2784000000,,,1002000000,2.78,3.35
GM,2025-06-30,Quarter,47122000000,42856000000,4266000000,2139000000,2127000000,446000000,198000000,2375000000,481000000,-1000000,0,0,1894000000,0,1895000000,,,976000000,2.53,1.91
GM,2025-09-30,Quarter,48591000000,45478000000,3113000000,2037000000,1076000000,552000000,209000000,1419000000,127000000,-35000000,0,0,1292000000,0,1327000000,,,964000000,2.80,1.35
GOOGL,2020-03-31,Quarter,41159000000,18982000000,22177000000,14200000000,7977000000,-220000000,0,7757000000,921000000,0,0,0,6836000000,0,6836000000,,,692270000,9.87,9.87
GOOGL,2020-06-30,Quarter,38297000000,18553000000,19744000000,13361000000,6383000000,1894000000,0,8277000000,1318000000,0,0,0,6959000000,0,6959000000,,,687020000,10.13,10.13
GOOGL,2020-09-30,Quarter,46173000000,21117000000,25056000000,13843000000,11213000000,2146000000,0,13359000000,2112000000,0,0,0,11247000000,0,11247000000,,,685850000,16.40,16.40
GOOGL,2020-12-31,Quarter,56898000000,26080000000,30818000000,15167000000,15651000000,3038000000,0,18689000000,3462000000,0,0,0,15227000000,0,15227000000,,,682970000,22.30,22.21
GOOGL,2021-03-31,Quarter,55314000000,24103000000,31211000000,14774000000,16437000000,4846000000,0,21283000000,3353000000,0,0,0,17930000000,0,17930000000,,,682070000,26.29,26.29
GOOGL,2021-06-30,Quarter,61880000000,26227000000,35653000000,16292000000,19361000000,2624000000,0,21985000000,3460000000,0,0,0,18525000000,0,18525000000,,,679610000,27.26,27.26
GOOGL,2021-09-30,Quarter,65118000000,27621000000,37497000000,16466000000,21031000000,2033000000,0,23064000000,4128000000,0,0,0,18936000000,0,18936000000,,,676520000,27.99,27.99
GOOGL,2021-12-31,Quarter,75325000000,32988000000,42337000000,20452000000,21885000000,2517000000,0,24402000000,3760000000,0,0,0,20642000000,0,20642000000,,,672490000,30.69,30.66
GOOGL,2022-03-31,Quarter,68011000000,29599000000,38412000000,18318000000,20094000000,-1160000000,0,18934000000,2498000000,0,0,0,16436000000,0,16436000000,,,667550000,24.62,24.62
GOOGL,2022-06-30,Quarter,69685000000,30104000000,39581000000,20128000000,19453000000,-439000000,0,19014000000,3012000000,0,0,0,16002000000,0,16002000000,,,13239000000,1.21,1.21
GOOGL,2022-09-30,Quarter,69092000000,31158000000,37934000000,20799000000,17135000000,-902000000,0,16233000000,2323000000,0,0,0,13910000000,0,13910000000,,,13097000000,1.06,1.06
GOOGL,2022-12-31,Quarter,76048000000,35342000000,40706000000,22546000000,18160000000,-1013000000,0,17147000000,3523000000,0,0,0,13624000000,0,13624000000,,,12947000000,1.05,1.06
GOOGL,2023-03-31,Quarter,69787000000,30612000000,39175000000,21760000000,17415000000,790000000,0,18205000000,3154000000,0,0,0,15051000000,0,15051000000,,,12823000000,1.17,1.17
GOOGL,2023-06-30,Quarter,74604000000,31916000000,42688000000,20850000000,21838000000,65000000,0,21903000000,3535000000,0,0,0,18368000000,0,18368000000,,,12764000000,1.44,1.35
GOOGL,2023-09-30,Quarter,76693000000,33229000000,43464000000,22121000000,21343000000,-146000000,0,21197000000,1508000000,0,0,0,19689000000,0,19689000000,,,12696000000,1.55,1.45
GOOGL,2023-12-31,Quarter,86310000000,37575000000,48735000000,25038000000,23697000000,715000000,0,24412000000,3725000000,0,0,0,20687000000,0,20687000000,,,12602000000,1.64,1.83
GOOGL,2024-03-31,Quarter,80539000000,33712000000,46827000000,21355000000,25472000000,2843000000,0,28315000000,4653000000,0,0,0,23662000000,0,23662000000,,,12527000000,1.89,1.89
GOOGL,2024-06-30,Quarter,84742000000,35507000000,49235000000,21810000000,27425000000,126000000,0,27551000000,3932000000,0,0,0,23619000000,0,23619000000,,,12495000000,1.89,1.89
GOOGL,2024-09-30,Quarter,88268000000,36474000000,51794000000,23273000000,28521000000,3185000000,0,31706000000,5405000000,0,0,0,26301000000,0,26301000000,,,12419000000,2.12,2.12
GOOGL,2024-12-31,Quarter,96469000000,40613000000,55856000000,24884000000,30972000000,1271000000,0,32243000000,5707000000,0,0,0,26536000000,0,26536000000,,,12348000000,2.15,2.14
GOOGL,2025-03-31,Quarter,90234000000,36361000000,53873000000,23267000000,30606000000,11183000000,0,41789000000,7249000000,0,0,0,34540000000,0,34540000000,,,12291000000,2.81,2.81
GOOGL,2025-06-30,Quarter,96428000000,39039000000,57389000000,26118000000,31271000000,2662000000,0,33933000000,5737000000,0,0,0,28196000000,0,28196000000,,,12198000000,2.31,2.31
GOOGL,2025-09-30,Quarter,102346000000,41369000000,60977000000,29749000000,31228000000,12759000000,0,43987000000,9008000000,0,0,0,34979000000,0,34979000000,,,12203000000,2.87,2.87
GS,2020-03-31,Quarter,8743000000,975000000,7768000000,6420000000,1348000000,0,0,1348000000,135000000,0,0,0,1213000000,0,1213000000,,,361100000,3.11,3.11
GS,2020-06-30,Quarter,13295000000,945000000,12350000000,11059000000,1291000000,0,0,1291000000,918000000,0,0,0,373000000,0,373000000,,,359100000,6.26,0.53
GS,2020-09-30,Quarter,10781000000,911000000,9870000000,5571000000,4299000000,0,0,4299000000,932000000,0,0,0,3367000000,0,3367000000,,,359900000,9.68,8.98
GS,2020-12-31,Quarter,11741000000,-2831000000,11741000000,9031000000,2710000000,0,0,5541000000,1035000000,0,0,0,4506000000,0,4506000000,,,361000000,12.08,12.12
GS,2021-03-31,Quarter,17704000000,0,17704000000,9367000000,8337000000,0,0,8337000000,1501000000,0,0,0,6836000000,0,6836000000,,,360900000,18.60,18.60
GS,2021-06-30,Quarter,15388000000,0,15388000000,8548000000,6840000000,0,0,6840000000,1354000000,0,0,0,5486000000,0,5486000000,,,356000000,15.02,15.02
GS,2021-09-30,Quarter,13608000000,0,13608000000,6766000000,6842000000,0,0,6842000000,1464000000,0,0,0,5378000000,0,5378000000,,,353900000,14.93,14.93
GS,2021-12-31,Quarter,12639000000,0,12639000000,7614000000,5025000000,0,0,5025000000,1090000000,0,0,0,3935000000,0,3935000000,,,352300000,10.81,10.90
GS,2022-03-31,Quarter,12933000000,0,12933000000,8277000000,4656000000,0,0,4656000000,717000000,0,0,0,3939000000,0,3939000000,,,355900000,10.76,10.76
GS,2022-06-30,Quarter,11864000000,0,11864000000,8320000000,3544000000,0,0,3544000000,617000000,0,0,0,2927000000,0,2927000000,,,360500000,7.73,7.73
GS,2022-09-30,Quarter,11975000000,0,11975000000,8219000000,3756000000,0,0,3756000000,687000000,0,0,0,3069000000,0,3069000000,,,359200000,8.25,8.25
GS,2022-12-31,Quarter,10593000000,0,10593000000,9063000000,1530000000,0,0,1530000000,204000000,0,0,0,1326000000,0,1326000000,,,356700000,3.32,3.32
GS,2023-03-31,Quarter,12224000000,0,12224000000,8231000000,3993000000,0,0,3993000000,759000000,0,0,0,3234000000,0,3234000000,,,351300000,8.79,8.79
GS,2023-06-30,Quarter,10895000000,0,10895000000,9159000000,1736000000,0,0,1736000000,520000000,0,0,0,1216000000,0,1216000000,,,347200000,3.08,3.08
GS,2023-09-30,Quarter,11817000000,0,11817000000,9061000000,2756000000,0,0,2756000000,698000000,0,0,0,2058000000,0,2058000000,,,343900000,5.47,5.47
GS,2023-12-31,Quarter,11318000000,0,11318000000,9064000000,2254000000,0,0,2254000000,246000000,0,0,0,2008000000,0,2008000000,,,340900000,5.48,5.53
GS,2024-03-31,Quarter,14213000000,0,14213000000,8976000000,5237000000,0,0,5237000000,1105000000,0,0,0,4132000000,0,4132000000,,,339500000,11.58,11.58
GS,2024-06-30,Quarter,12731000000,0,12731000000,8815000000,3916000000,0,0,3916000000,873000000,0,0,0,3043000000,0,3043000000,,,335500000,8.62,8.62
GS,2024-09-30,Quarter,12699000000,0,12699000000,8712000000,3987000000,0,0,3987000000,997000000,0,0,0,2990000000,0,2990000000,,,330800000,8.40,8.40
GS,2024-12-31,Quarter,13869000000,0,13869000000,8612000000,5257000000,0,0,5257000000,1146000000,0,0,0,4111000000,0,4111000000,,,328400000,11.95,11.94
GS,2025-03-31,Quarter,15062000000,0,15062000000,9415000000,5647000000,0,0,5647000000,909000000,0,0,0,4738000000,0,4738000000,,,324500000,14.12,14.12
GS,2025-06-30,Quarter,14583000000,0,14583000000,9625000000,4958000000,0,0,4958000000,1235000000,0,0,0,3723000000,0,3723000000,,,318300000,10.91,10.91
GS,2025-09-30,Quarter,15184000000,0,15184000000,9792000000,5392000000,0,0,5392000000,1294000000,0,0,0,4098000000,0,4098000000,,,315000000,12.25,12.25
HD,2020-01-31,Quarter,25782000000,17046000000,8736000000,5333000000,3403000000,17000000,309000000,3111000000,630000000,0,0,0,2481000000,0,2481000000,,,1088000000,2.28,2.28
HD,2020-04-30,Quarter,28260000000,18635000000,9625000000,6349000000,3276000000,17000000,324000000,2969000000,724000000,0,0,0,2245000000,0,2245000000,,,1077000000,2.08,2.08
HD,2020-07-31,Quarter,38053000000,25112000000,12941000000,6874000000,6067000000,9000000,346000000,5730000000,1398000000,0,0,0,4332000000,0,4332000000,,,1077000000,4.02,4.02
HD,2020-10-31,Quarter,33536000000,22080000000,11456000000,6604000000,4852000000,11000000,340000000,4523000000,1091000000,0,0,0,3432000000,0,3432000000,,,1078000000,3.18,3.18
HD,2021-01-31,Quarter,32261000000,21430000000,10831000000,6748000000,4083000000,10000000,337000000,3756000000,899000000,0,0,0,2857000000,0,2857000000,,,1078000000,2.74,2.66
HD,2021-04-30,Quarter,37500000000,24758000000,12742000000,6961000000,5781000000,6000000,339000000,5448000000,1303000000,0,0,0,4145000000,0,4145000000,,,1075000000,3.86,3.86
HD,2021-07-31,Quarter,41118000000,27453000000,13665000000,7026000000,6639000000,5000000,326000000,6318000000,1511000000,0,0,0,4807000000,0,4807000000,,,1062000000,4.53,4.53
HD,2021-10-31,Quarter,36820000000,24257000000,12563000000,6768000000,5795000000,15000000,341000000,5469000000,1340000000,0,0,0,4129000000,0,4129000000,,,1053000000,3.92,3.92
HD,2022-01-31,Quarter,35719000000,23857000000,11862000000,7037000000,4825000000,18000000,341000000,4502000000,1150000000,0,0,0,3352000000,0,3352000000,,,1043000000,3.21,3.22
HD,2022-04-30,Quarter,38908000000,25763000000,13145000000,7216000000,5929000000,3000000,372000000,5560000000,1329000000,0,0,0,4231000000,0,4231000000,,,1034000000,4.09,4.09
HD,2022-07-31,Quarter,43792000000,29309000000,14483000000,7273000000,7210000000,2000000,381000000,6831000000,1658000000,0,0,0,5173000000,0,5173000000,,,1025000000,5.05,5.05
HD,2022-10-31,Quarter,38872000000,25648000000,13224000000,7076000000,6148000000,7000000,413000000,5742000000,1403000000,0,0,0,4339000000,0,4339000000,,,1023000000,4.24,4.24
HD,2023-01-31,Quarter,35831000000,23905000000,11926000000,7174000000,4752000000,43000000,451000000,4344000000,982000000,0,0,0,3362000000,0,3362000000,,,1018000000,3.30,3.31
HD,2023-04-30,Quarter,37257000000,24700000000,12557000000,7006000000,5551000000,33000000,474000000,5110000000,1237000000,0,0,0,3873000000,0,3873000000,,,1013000000,3.82,3.82
HD,2023-07-31,Quarter,42916000000,28759000000,14157000000,7568000000,6589000000,41000000,469000000,6161000000,1502000000,0,0,0,4659000000,0,4659000000,,,1003000000,4.65,4.65
HD,2023-10-31,Quarter,37710000000,24972000000,12738000000,7332000000,5406000000,49000000,487000000,4968000000,1158000000,0,0,0,3810000000,0,3810000000,,,999000000,3.81,3.81
HD,2024-01-31,Quarter,34786000000,23278000000,11508000000,7365000000,4143000000,55000000,513000000,3685000000,884000000,0,0,0,2801000000,0,2801000000,,,994000000,2.82,2.83
HD,2024-04-30,Quarter,36418000000,23985000000,12433000000,7354000000,5079000000,57000000,485000000,4651000000,1051000000,0,0,0,3600000000,0,3600000000,,,992000000,3.63,3.63
HD,2024-07-31,Quarter,43175000000,28759000000,14416000000,7882000000,6534000000,84000000,573000000,6045000000,1484000000,0,0,0,4561000000,0,4561000000,,,992000000,4.67,4.60
HD,2024-10-31,Quarter,40217000000,26792000000,13425000000,8007000000,5418000000,30000000,625000000,4823000000,1175000000,0,0,0,3648000000,0,3648000000,,,993000000,3.78,3.67
HD,2025-01-31,Quarter,39704000000,26670000000,13034000000,8539000000,4495000000,30000000,638000000,3887000000,890000000,0,0,0,2997000000,0,2997000000,,,994000000,3.13,3.01
HD,2025-04-30,Quarter,39856000000,26397000000,13459000000,8326000000,5133000000,24000000,615000000,4542000000,1109000000,0,0,0,3433000000,0,3433000000,,,994000000,3.56,3.45
HD,2025-07-31,Quarter,45277000000,30152000000,15125000000,8570000000,6555000000,25000000,575000000,6005000000,1454000000,0,0,0,4551000000,0,4551000000,,,994000000,4.68,4.58
HD,2025-10-31,Quarter,41352000000,27537000000,13815000000,8462000000,5353000000,32000000,628000000,4757000000,1156000000,0,0,0,3601000000,0,3601000000,,,995000000,3.74,3.62
HON,2020-03-31,Quarter,8463000000,5534000000,2929000000,1238000000,1691000000,317000000,73000000,1935000000,329000000,25000000,0,0,1606000000,0,1581000000,,,717000000,2.21,2.21
HON,2020-06-30,Quarter,7477000000,5276000000,2201000000,1183000000,1018000000,291000000,90000000,1219000000,120000000,18000000,0,0,1099000000,0,1081000000,,,708100000,1.26,1.53
HON,2020-09-30,Quarter,7797000000,5383000000,2414000000,1103000000,1311000000,-62000000,101000000,1148000000,367000000,23000000,0,0,781000000,0,758000000,,,709600000,1.56,1.07
HON,2020-12-31,Quarter,8900000000,5976000000,2924000000,1248000000,1676000000,129000000,95000000,1710000000,331000000,20000000,0,0,1379000000,0,1359000000,,,710000000,2.07,1.91
HON,2021-03-31,Quarter,8454000000,5709000000,2745000000,1236000000,1509000000,442000000,90000000,1861000000,413000000,21000000,0,0,1448000000,0,1427000000,,,704500000,1.92,2.03
HON,2021-06-30,Quarter,8808000000,6003000000,2805000000,1207000000,1598000000,366000000,83000000,1881000000,434000000,17000000,0,0,1447000000,0,1430000000,,,702500000,2.02,2.04
HON,2021-09-30,Quarter,8473000000,5746000000,2727000000,1152000000,1575000000,215000000,90000000,1700000000,427000000,16000000,0,0,1273000000,0,1257000000,,,698900000,2.02,1.80
HON,2021-12-31,Quarter,8657000000,5936000000,2721000000,1203000000,1518000000,355000000,80000000,1793000000,351000000,14000000,0,0,1442000000,0,1428000000,,,695800000,2.09,2.04
HON,2022-03-31,Quarter,8376000000,5674000000,2702000000,1431000000,1271000000,319000000,85000000,1505000000,371000000,0,0,0,1134000000,0,1134000000,,,691300000,1.91,1.64
HON,2022-06-30,Quarter,8953000000,6046000000,2907000000,1306000000,1601000000,190000000,87000000,1704000000,441000000,2000000,0,0,1263000000,0,1261000000,,,685000000,2.10,1.84
HON,2022-09-30,Quarter,8951000000,5981000000,2970000000,1228000000,1742000000,337000000,98000000,1981000000,432000000,-3000000,0,0,1549000000,0,1552000000,,,679600000,2.25,2.28
HON,2022-12-31,Quarter,9186000000,6124000000,3062000000,1249000000,1813000000,-480000000,144000000,1189000000,168000000,2000000,0,0,1021000000,0,1019000000,,,676500000,2.52,1.51
HON,2023-03-31,Quarter,8864000000,5498000000,3366000000,1674000000,1692000000,260000000,170000000,1782000000,374000000,14000000,0,0,1408000000,0,1394000000,,,673000000,2.07,2.07
HON,2023-06-30,Quarter,9146000000,5626000000,3520000000,1637000000,1883000000,208000000,187000000,1904000000,403000000,14000000,0,0,1501000000,0,1487000000,,,670200000,2.23,2.22
HON,2023-09-30,Quarter,9212000000,5670000000,3542000000,1616000000,1926000000,247000000,206000000,1967000000,452000000,1000000,0,0,1515000000,0,1514000000,,,667000000,2.27,2.27
HON,2023-12-31,Quarter,9440000000,6201000000,3239000000,1656000000,1583000000,125000000,202000000,1506000000,258000000,-15000000,0,0,1248000000,0,1263000000,,,660900000,2.60,1.91
HON,2024-03-31,Quarter,9105000000,5583000000,3522000000,1662000000,1860000000,231000000,220000000,1871000000,396000000,12000000,0,0,1475000000,0,1463000000,,,656600000,2.25,2.23
HON,2024-06-30,Quarter,9577000000,5856000000,3721000000,1743000000,1978000000,246000000,250000000,1974000000,414000000,16000000,0,0,1560000000,0,1544000000,,,654200000,2.49,2.36
HON,2024-09-30,Quarter,9728000000,5979000000,3749000000,1766000000,1983000000,138000000,297000000,1824000000,409000000,2000000,0,0,1415000000,0,1413000000,,,654100000,2.58,2.16
HON,2024-12-31,Quarter,10088000000,6418000000,3670000000,1831000000,1839000000,-4000000,291000000,1544000000,254000000,5000000,0,0,1290000000,0,1285000000,,,654800000,2.47,1.96
HON,2025-03-31,Quarter,9822000000,6037000000,3785000000,1800000000,1985000000,185000000,286000000,1884000000,417000000,18000000,0,0,1467000000,0,1449000000,,,651700000,2.51,2.22
HON,2025-06-30,Quarter,10352000000,6329000000,4023000000,1909000000,2114000000,87000000,330000000,1871000000,302000000,-1000000,0,0,1569000000,0,1570000000,,,640900000,2.75,2.45
HON,2025-09-30,Quarter,10408000000,6861000000,3547000000,1793000000,1754000000,822000000,354000000,2222000000,363000000,34000000,0,0,1859000000,0,1825000000,,,638800000,2.82,2.86
IBM,2020-03-31,Quarter,17571000000,9648000000,7923000000,7580000000,343000000,-66000000,326000000,-49000000,-1226000000,0,0,0,1176000000,-1000000,1175000000,,,895000000,1.84,1.31
IBM,2020-06-30,Quarter,18123000000,9424000000,8699000000,6830000000,1869000000,24000000,323000000,1571000000,209000000,0,0,0,1362000000,-1000000,1361000000,,,894900000,2.18,1.52
IBM,2020-09-30,Quarter,17560000000,9130000000,8430000000,6162000000,2268000000,-119000000,323000000,1827000000,128000000,0,0,0,1698000000,-1000000,1697000000,,,897300000,2.58,1.89
IBM,2020-12-31,Quarter,20366000000,9844000000,10522000000,8843000000,1679000000,-74000000,316000000,1288000000,25000000,0,0,0,1265000000,92000000,1357000000,,,899000000,2.07,1.51
IBM,2021-03-31,Quarter,17730000000,9525000000,8205000000,6804000000,1401000000,-215000000,280000000,905000000,-51000000,0,0,0,956000000,-1000000,955000000,,,901700000,1.77,1.06
IBM,2021-06-30,Quarter,18745000000,9741000000,9004000000,6991000000,2013000000,-180000000,281000000,1552000000,227000000,0,0,0,1325000000,0,1325000000,,,904200000,2.33,1.47
IBM,2021-09-30,Quarter,17618000000,9448000000,8170000000,6481000000,1689000000,-81000000,291000000,1319000000,188000000,0,0,0,1130000000,0,1130000000,,,906000000,2.52,1.25
IBM,2021-12-31,Quarter,3257000000,-2849000000,6106000000,4957000000,1149000000,215000000,303000000,1061000000,-240000000,0,0,0,1301000000,1031000000,2332000000,,,906600000,3.35,2.57
IBM,2022-03-31,Quarter,14197000000,6862000000,7335000000,6276000000,1059000000,-125000000,311000000,623000000,-39000000,0,0,0,662000000,71000000,733000000,,,909200000,1.40,0.81
IBM,2022-06-30,Quarter,15535000000,7245000000,8290000000,6528000000,1762000000,257000000,297000000,1722000000,257000000,0,0,0,1465000000,-73000000,1392000000,,,910700000,2.31,1.53
IBM,2022-09-30,Quarter,14107000000,6677000000,7430000000,6002000000,1428000000,-5634000000,295000000,-4501000000,-1287000000,0,0,0,-3214000000,18000000,-3196000000,,,904100000,1.81,-3.54
IBM,2022-12-31,Quarter,16691000000,7058000000,9633000000,6370000000,3263000000,362000000,313000000,3312000000,443000000,0,0,0,2870000000,-159000000,2711000000,,,915900000,3.60,3.00
IBM,2023-03-31,Quarter,14252000000,6742000000,7510000000,6508000000,1002000000,425000000,367000000,1058000000,124000000,0,0,0,934000000,-7000000,927000000,,,917800000,1.36,1.01
IBM,2023-06-30,Quarter,15475000000,6974000000,8501000000,6587000000,1914000000,509000000,423000000,2000000000,419000000,0,0,0,1581000000,2000000,1583000000,,,919500000,2.18,1.72
IBM,2023-09-30,Quarter,14752000000,6730000000,8022000000,6143000000,1879000000,405000000,412000000,1873000000,159000000,0,0,0,1714000000,-10000000,1704000000,,,923700000,2.20,1.84
IBM,2023-12-31,Quarter,17381000000,7114000000,10267000000,6540000000,3727000000,435000000,405000000,3759000000,474000000,0,0,0,3285000000,3000000,3288000000,,,927300000,3.87,3.57
IBM,2024-03-31,Quarter,14462000000,6719000000,7743000000,6770000000,973000000,533000000,432000000,1074000000,-502000000,0,0,0,1575000000,30000000,1605000000,,,933400000,1.68,1.72
IBM,2024-06-30,Quarter,15770000000,6819000000,8951000000,6778000000,2173000000,474000000,427000000,2219000000,389000000,0,0,0,1830000000,4000000,1834000000,,,934400000,2.43,1.96
IBM,2024-09-30,Quarter,14968000000,6547000000,8421000000,6787000000,1634000000,-2006000000,429000000,-802000000,-485000000,0,0,0,-317000000,-13000000,-330000000,,,923600000,2.30,-0.36
IBM,2024-12-31,Quarter,17553000000,7116000000,10437000000,6832000000,3605000000,124000000,424000000,3306000000,380000000,0,0,0,2927000000,-13000000,2914000000,,,942400000,3.92,3.11
IBM,2025-03-31,Quarter,14541000000,6510000000,8031000000,6836000000,1195000000,418000000,455000000,1158000000,103000000,0,0,0,1054000000,1000000,1055000000,,,945400000,1.60,1.12
IBM,2025-06-30,Quarter,16977000000,7000000000,9977000000,7124000000,2853000000,254000000,510000000,2597000000,404000000,0,0,0,2193000000,1000000,2194000000,,,948000000,2.80,2.31
IBM,2025-09-30,Quarter,16331000000,6970000000,9361000000,6830000000,2531000000,392000000,492000000,2430000000,686000000,0,0,0,1744000000,0,1744000000,,,948900000,2.65,1.84
INTC,2020-03-31,Quarter,19828000000,7812000000,12016000000,4978000000,7038000000,-424000000,0,6614000000,953000000,0,0,0,5661000000,0,5661000000,,,4312000000,1.45,1.31
INTC,2020-06-30,Quarter,19728000000,9221000000,10507000000,4810000000,5697000000,238000000,0,5935000000,830000000,0,0,0,5105000000,0,5105000000,,,4284000000,1.23,1.19
INTC,2020-09-30,Quarter,18333000000,8592000000,9741000000,4682000000,5059000000,-18000000,0,5041000000,765000000,0,0,0,4276000000,0,4276000000,,,4211000000,1.11,1.02
INTC,2020-12-31,Quarter,19978000000,8630000000,11348000000,5464000000,5884000000,1604000000,0,7488000000,1631000000,0,0,0,5857000000,0,5857000000,,,4119000000,1.52,1.42
INTC,2021-03-31,Quarter,19673000000,8819000000,10854000000,7160000000,3694000000,212000000,0,3906000000,545000000,0,0,0,3361000000,0,3361000000,,,4096000000,1.39,0.82
INTC,2021-06-30,Quarter,19631000000,8425000000,11206000000,5660000000,5546000000,199000000,0,5745000000,684000000,0,0,0,5061000000,0,5061000000,,,4084000000,1.28,1.24
INTC,2021-09-30,Quarter,19192000000,8446000000,10746000000,5519000000,5227000000,1631000000,0,6858000000,35000000,0,0,0,6823000000,0,6823000000,,,4086000000,1.71,1.67
INTC,2021-12-31,Quarter,20528000000,9519000000,11009000000,6020000000,4989000000,205000000,0,5194000000,571000000,0,0,0,4623000000,0,4623000000,,,4095000000,1.09,1.13
INTC,2022-03-31,Quarter,18353000000,9109000000,9244000000,4903000000,4341000000,5320000000,0,9661000000,1548000000,0,0,0,8113000000,0,8113000000,,,4107000000,0.87,1.98
INTC,2022-06-30,Quarter,15321000000,9734000000,5587000000,6287000000,-700000000,-209000000,0,-909000000,-455000000,0,0,0,-454000000,0,-454000000,,,4100000000,0.29,-0.11
INTC,2022-09-30,Quarter,15338000000,8803000000,6535000000,6710000000,-175000000,-13000000,0,-188000000,-1207000000,0,0,0,1019000000,0,1019000000,,,4125000000,0.59,0.25
INTC,2022-12-31,Quarter,14042000000,8542000000,5500000000,6632000000,-1132000000,336000000,0,-796000000,-135000000,3000000,0,0,-661000000,0,-664000000,,,4133000000,0.10,-0.18
INTC,2023-03-31,Quarter,11715000000,7707000000,4008000000,5476000000,-1468000000,310000000,0,-1158000000,1610000000,-10000000,0,0,-2768000000,0,-2758000000,,,4154000000,-0.21,-0.66
INTC,2023-06-30,Quarter,12949000000,8311000000,4638000000,5654000000,-1016000000,200000000,0,-816000000,-2289000000,-8000000,0,0,1473000000,0,1481000000,,,4196000000,-0.05,0.35
INTC,2023-09-30,Quarter,14158000000,8140000000,6018000000,6026000000,-8000000,-44000000,0,-52000000,-362000000,13000000,0,0,310000000,0,297000000,,,4229000000,0.28,0.07
INTC,2023-12-31,Quarter,15406000000,8359000000,7047000000,4462000000,2585000000,203000000,0,2788000000,128000000,-9000000,0,0,2660000000,0,2669000000,,,4260000000,0.38,0.64
INTC,2024-03-31,Quarter,12724000000,7507000000,5217000000,6286000000,-1069000000,350000000,0,-719000000,-282000000,-56000000,0,0,-437000000,0,-381000000,,,4242000000,-0.06,-0.09
INTC,2024-06-30,Quarter,12833000000,8286000000,4547000000,6511000000,-1964000000,-40000000,0,-2004000000,-350000000,-44000000,0,0,-1654000000,0,-1610000000,,,4267000000,-0.14,-0.38
INTC,2024-09-30,Quarter,13284000000,11287000000,1997000000,11054000000,-9057000000,-29000000,0,-9086000000,7903000000,-350000000,0,0,-16989000000,0,-16639000000,,,4292000000,-0.63,-3.88
INTC,2024-12-31,Quarter,14260000000,8676000000,5584000000,5172000000,412000000,187000000,0,599000000,752000000,-27000000,0,0,-153000000,0,-126000000,,,4319000000,-0.02,-0.03
INTC,2025-03-31,Quarter,12667000000,7995000000,4672000000,4973000000,-301000000,-285000000,0,-586000000,301000000,-66000000,0,0,-887000000,0,-821000000,,,4343000000,-0.02,-0.19
INTC,2025-06-30,Quarter,12859000000,9317000000,3542000000,6718000000,-3176000000,407000000,0,-2769000000,255000000,-106000000,0,0,-3024000000,0,-2918000000,,,4369000000,-0.26,-0.67
INTC,2025-09-30,Quarter,13653000000,8435000000,5218000000,4535000000,683000000,3891000000,0,4574000000,304000000,207000000,0,0,4270000000,0,4063000000,,,4531000000,0.11,0.90
INTU,2020-01-31,Quarter,1696000000,340000000,1356000000,1086000000,270000000,15000000,3000000,282000000,42000000,0,0,0,240000000,0,240000000,,,264000000,0.93,0.91
INTU,2020-04-30,Quarter,3002000000,426000000,2576000000,1163000000,1413000000,-3000000,2000000,1408000000,324000000,0,0,0,1084000000,0,1084000000,,,264000000,4.18,4.11
INTU,2020-07-31,Quarter,1816000000,322000000,1494000000,1011000000,483000000,10000000,7000000,486000000,41000000,0,0,0,445000000,0,445000000,,,264000000,1.46,1.68
INTU,2020-10-31,Quarter,1323000000,256000000,1067000000,858000000,209000000,9000000,8000000,210000000,12000000,0,0,0,198000000,0,198000000,,,265000000,0.61,0.75
INTU,2021-01-31,Quarter,1576000000,367000000,1209000000,1234000000,-25000000,54000000,7000000,22000000,2000000,0,0,0,20000000,0,20000000,,,273000000,0.16,0.07
INTU,2021-04-30,Quarter,4173000000,581000000,3592000000,1678000000,1914000000,14000000,7000000,1921000000,457000000,0,0,0,1464000000,0,1464000000,,,276000000,5.45,5.30
INTU,2021-07-31,Quarter,2561000000,479000000,2082000000,1680000000,402000000,8000000,7000000,403000000,23000000,0,0,0,380000000,0,380000000,,,277000000,1.28,1.44
INTU,2021-10-31,Quarter,2007000000,417000000,1590000000,1395000000,195000000,50000000,7000000,238000000,10000000,0,0,0,228000000,0,228000000,,,277000000,0.91,0.82
INTU,2022-01-31,Quarter,2673000000,565000000,2108000000,2052000000,56000000,-5000000,21000000,30000000,-70000000,0,0,0,100000000,0,100000000,,,287000000,0.67,0.35
INTU,2022-04-30,Quarter,5632000000,824000000,4808000000,2413000000,2395000000,-1000000,21000000,2373000000,579000000,0,0,0,1794000000,0,1794000000,,,286000000,6.70,6.28
INTU,2022-07-31,Quarter,2414000000,600000000,1814000000,1889000000,-75000000,8000000,32000000,-99000000,-43000000,0,0,0,-56000000,0,-56000000,,,282000000,0.22,-0.17
INTU,2022-10-31,Quarter,2597000000,676000000,1921000000,1845000000,76000000,5000000,49000000,32000000,-8000000,0,0,0,40000000,0,40000000,,,284000000,0.57,0.14
INTU,2023-01-31,Quarter,3041000000,773000000,2268000000,1998000000,270000000,23000000,65000000,228000000,60000000,0,0,0,168000000,0,168000000,,,282000000,1.05,0.60
INTU,2023-04-30,Quarter,6018000000,981000000,5037000000,2259000000,2778000000,22000000,66000000,2734000000,647000000,0,0,0,2087000000,0,2087000000,,,283000000,7.80,7.38
INTU,2023-07-31,Quarter,2712000000,713000000,1999000000,1982000000,17000000,46000000,68000000,-5000000,-94000000,0,0,0,89000000,0,89000000,,,283000000,0.40,0.30
INTU,2023-10-31,Quarter,2978000000,760000000,2218000000,1911000000,307000000,22000000,65000000,264000000,23000000,0,0,0,241000000,0,241000000,,,283000000,1.14,0.85
INTU,2024-01-31,Quarter,3386000000,855000000,2531000000,2162000000,369000000,42000000,57000000,354000000,1000000,0,0,0,353000000,0,353000000,,,284000000,1.31,1.25
INTU,2024-04-30,Quarter,6737000000,1067000000,5670000000,2565000000,3105000000,27000000,60000000,3072000000,683000000,0,0,0,2389000000,0,2389000000,,,284000000,8.63,8.42
INTU,2024-07-31,Quarter,3184000000,783000000,2401000000,2329000000,72000000,71000000,60000000,-140000000,-120000000,0,0,0,-20000000,0,-20000000,,,280000000,0.61,-0.09
INTU,2024-10-31,Quarter,3283000000,823000000,2460000000,2189000000,271000000,2000000,60000000,213000000,16000000,0,0,0,197000000,0,197000000,,,283000000,1.07,0.70
INTU,2025-01-31,Quarter,3963000000,937000000,3026000000,2433000000,593000000,38000000,60000000,571000000,100000000,0,0,0,471000000,0,471000000,,,283000000,2.07,1.67
INTU,2025-04-30,Quarter,7754000000,1194000000,6560000000,2840000000,3720000000,32000000,68000000,3684000000,864000000,0,0,0,2820000000,0,2820000000,,,282000000,10.44,10.02
INTU,2025-07-31,Quarter,3831000000,894000000,2937000000,2598000000,339000000,86000000,59000000,366000000,-15000000,0,0,0,381000000,0,381000000,,,282000000,1.70,1.28
INTU,2025-10-31,Quarter,3885000000,883000000,3002000000,2468000000,534000000,85000000,58000000,561000000,115000000,0,0,0,446000000,0,446000000,,,281000000,1.88,1.59
JNJ,2020-03-31,Quarter,20691000000,7062000000,13629000000,7229000000,6400000000,0,25000000,6509000000,713000000,0,0,0,5796000000,0,5796000000,,,2671000000,2.30,2.17
JNJ,2020-06-30,Quarter,18336000000,6579000000,11757000000,7810000000,3947000000,0,45000000,3940000000,314000000,0,0,0,3626000000,0,3626000000,,,2665500000,1.67,1.36
JNJ,2020-09-30,Quarter,21082000000,6972000000,14110000000,9689000000,4421000000,0,44000000,4401000000,847000000,0,0,0,3554000000,0,3554000000,,,2669300000,2.20,1.33
JNJ,2020-12-31,Quarter,22475000000,7814000000,14661000000,12953000000,1708000000,0,87000000,1647000000,-91000000,0,0,0,1738000000,0,1738000000,,,2669200000,1.86,0.65
JNJ,2021-03-31,Quarter,22321000000,7063000000,15258000000,7796000000,7462000000,0,63000000,7429000000,1232000000,0,0,0,6197000000,0,6197000000,,,2672700000,2.59,2.32
JNJ,2021-06-30,Quarter,23312000000,7587000000,15725000000,9047000000,6678000000,0,40000000,6662000000,384000000,0,0,0,6278000000,0,6278000000,,,2671600000,2.48,2.35
JNJ,2021-09-30,Quarter,23338000000,7250000000,16088000000,12245000000,3843000000,0,20000000,3849000000,182000000,0,0,0,3667000000,0,3667000000,,,2674900000,2.60,1.37
JNJ,2021-12-31,Quarter,24804000000,7955000000,16849000000,11979000000,4870000000,0,60000000,4836000000,100000000,0,0,0,4736000000,0,4736000000,,,2670200000,2.13,1.77
JNJ,2022-03-31,Quarter,23426000000,7598000000,15828000000,10000000000,5828000000,0,10000000,5862000000,713000000,0,0,0,5149000000,0,5149000000,,,2666500000,2.67,1.93
JNJ,2022-06-30,Quarter,24020000000,7919000000,16101000000,10351000000,5750000000,0,38000000,5840000000,1026000000,0,0,0,4814000000,0,4814000000,,,2667900000,2.59,1.80
JNJ,2022-09-30,Quarter,23791000000,7807000000,15984000000,10411000000,5573000000,0,51000000,5822000000,1364000000,0,0,0,4458000000,0,4458000000,,,2661300000,2.55,1.68
JNJ,2022-12-31,Quarter,23706000000,7765000000,15941000000,11817000000,4124000000,0,-77000000,4201000000,681000000,0,0,0,3520000000,0,3520000000,,,2650100000,2.35,1.33
JNJ,2023-03-31,Quarter,24746000000,8395000000,16351000000,17343000000,-992000000,0,215000000,-737000000,-669000000,0,0,0,-68000000,0,-68000000,,,2605500000,2.68,-0.03
JNJ,2023-06-30,Quarter,25530000000,8212000000,17318000000,10948000000,6370000000,0,346000000,6762000000,1618000000,0,0,0,5144000000,0,5144000000,,,2625700000,2.80,1.96
JNJ,2023-09-30,Quarter,21351000000,6606000000,14745000000,10084000000,4661000000,0,192000000,5217000000,908000000,0,0,0,4309000000,21719000000,26028000000,,,2549700000,2.66,10.21
JNJ,2023-12-31,Quarter,13532000000,3340000000,10192000000,6919000000,3273000000,0,19000000,3820000000,-121000000,0,0,0,3941000000,108000000,4049000000,,,2430700000,2.29,1.58
JNJ,2024-03-31,Quarter,21383000000,6511000000,14872000000,11731000000,3141000000,0,155000000,3714000000,459000000,0,0,0,3255000000,0,3255000000,,,2430100000,2.71,1.34
JNJ,2024-06-30,Quarter,22447000000,6869000000,15578000000,10350000000,5228000000,0,270000000,5748000000,1062000000,0,0,0,4686000000,0,4686000000,,,2422000000,2.82,1.93
JNJ,2024-09-30,Quarter,22471000000,6963000000,15508000000,12561000000,2947000000,0,193000000,3338000000,644000000,0,0,0,2694000000,0,2694000000,,,2427900000,2.42,1.11
JNJ,2024-12-31,Quarter,22520000000,7128000000,15392000000,11930000000,3462000000,0,137000000,3887000000,456000000,0,0,0,3431000000,0,3431000000,,,2427100000,2.04,1.41
JNJ,2025-03-31,Quarter,21893000000,7357000000,14536000000,1365000000,13171000000,0,204000000,13631000000,2632000000,0,0,0,10999000000,0,10999000000,,,2423800000,2.77,4.54
JNJ,2025-06-30,Quarter,23743000000,7628000000,16115000000,9836000000,6279000000,0,308000000,6491000000,954000000,0,0,0,5537000000,0,5537000000,,,2419100000,2.77,2.29
JNJ,2025-09-30,Quarter,23993000000,7303000000,16690000000,9406000000,7284000000,0,245000000,7493000000,2341000000,0,0,0,5152000000,0,5152000000,,,2428600000,2.80,2.12
JPM,2020-03-31,Quarter,32973000000,1575000000,31398000000,25135000000,6263000000,0,3147000000,3116000000,251000000,0,0,0,2865000000,0,2865000000,,,3100700000,0.78,0.78
JPM,2020-06-30,Quarter,35239000000,349000000,34890000000,27415000000,7475000000,0,1910000000,5565000000,878000000,0,0,0,4687000000,0,4687000000,,,3081000000,1.38,1.38
JPM,2020-09-30,Quarter,30834000000,245000000,30589000000,17486000000,13103000000,0,1442000000,11661000000,2218000000,0,0,0,9443000000,0,9443000000,,,3082800000,2.92,2.92
JPM,2020-12-31,Quarter,30457000000,188000000,30269000000,14100000000,16169000000,0,1104000000,15065000000,2929000000,0,0,0,12136000000,0,12136000000,,,3085100000,3.79,3.80
JPM,2021-03-31,Quarter,33648000000,146000000,33502000000,14569000000,18933000000,0,1236000000,17697000000,3397000000,0,0,0,14300000000,0,14300000000,,,3078900000,4.50,4.50
JPM,2021-06-30,Quarter,31832000000,132000000,31700000000,15382000000,16318000000,0,1221000000,15097000000,3149000000,0,0,0,11948000000,0,11948000000,,,3041900000,3.78,3.78
JPM,2021-09-30,Quarter,31047000000,126000000,30921000000,15536000000,15385000000,0,1274000000,14111000000,2424000000,0,0,0,11687000000,0,11687000000,,,3005100000,3.74,3.74
JPM,2021-12-31,Quarter,30675000000,127000000,30548000000,16600000000,13948000000,0,1291000000,12657000000,2258000000,0,0,0,10399000000,0,10399000000,,,2981800000,3.33,3.34
JPM,2022-03-31,Quarter,32341000000,182000000,32159000000,20654000000,11505000000,0,1442000000,10063000000,1781000000,0,0,0,8282000000,0,8282000000,,,2981000000,2.63,2.63
JPM,2022-06-30,Quarter,34233000000,898000000,33335000000,19850000000,13485000000,0,2620000000,10865000000,2216000000,0,0,0,8649000000,0,8649000000,,,2966300000,2.76,2.76
JPM,2022-09-30,Quarter,40809000000,3159000000,37650000000,20715000000,16935000000,0,4934000000,12001000000,2264000000,0,0,0,9737000000,0,9737000000,,,2965400000,3.12,3.12
JPM,2022-12-31,Quarter,47409000000,5843000000,47409000000,21310000000,26099000000,0,7019000000,13237000000,2229000000,0,0,0,11008000000,0,11008000000,,,2967100000,3.57,3.57
JPM,2023-03-31,Quarter,54642000000,7637000000,47005000000,22382000000,24623000000,0,8656000000,15967000000,3345000000,0,0,0,12622000000,0,12622000000,,,2972700000,4.10,4.10
JPM,2023-06-30,Quarter,61172000000,9591000000,51581000000,23721000000,27860000000,0,10274000000,17586000000,3114000000,0,0,0,14472000000,0,14472000000,,,2948300000,4.37,4.75
JPM,2023-09-30,Quarter,61704000000,10796000000,50908000000,23141000000,27767000000,0,11034000000,16733000000,3582000000,0,0,0,13151000000,0,13151000000,,,2932100000,4.33,4.33
JPM,2023-12-31,Quarter,61907000000,11992000000,49915000000,27248000000,22667000000,0,11341000000,11326000000,2019000000,0,0,0,9307000000,0,9307000000,,,2919100000,3.97,3.05
JPM,2024-03-31,Quarter,66290000000,12234000000,54056000000,24641000000,29415000000,0,12122000000,17293000000,3874000000,0,0,0,13419000000,0,13419000000,,,2912800000,4.63,4.44
JPM,2024-06-30,Quarter,75967000000,12421000000,63546000000,26765000000,36781000000,0,13346000000,23435000000,5286000000,0,0,0,18149000000,0,18149000000,,,2894900000,4.40,6.12
JPM,2024-09-30,Quarter,69665000000,12914000000,56751000000,25676000000,31075000000,0,14097000000,16978000000,4080000000,0,0,0,12898000000,0,12898000000,,,2865900000,4.37,4.37
JPM,2024-12-31,Quarter,66984000000,11990000000,54994000000,25393000000,29601000000,0,12226000000,17375000000,3370000000,0,0,0,14005000000,0,14005000000,,,2842400000,4.81,4.82
JPM,2025-03-31,Quarter,68890000000,11077000000,57813000000,26902000000,30911000000,0,12503000000,18408000000,3765000000,0,0,0,14643000000,0,14643000000,,,2824300000,5.07,5.07
JPM,2025-06-30,Quarter,69944000000,11401000000,58543000000,26628000000,31915000000,0,13631000000,18284000000,3297000000,0,0,0,14987000000,0,14987000000,,,2793700000,4.96,5.24
JPM,2025-09-30,Quarter,71900000000,11633000000,60267000000,27684000000,32583000000,0,13840000000,18743000000,4350000000,0,0,0,14393000000,0,14393000000,,,2767600000,5.07,5.07
KO,2020-03-31,Quarter,8601000000,3371000000,5230000000,2850000000,2380000000,823000000,193000000,3010000000,215000000,20000000,0,0,2795000000,0,2775000000,,,4325000000,0.51,0.64
KO,2020-06-30,Quarter,7150000000,3013000000,4137000000,2156000000,1981000000,490000000,274000000,2197000000,438000000,-20000000,0,0,1759000000,0,1779000000,,,4316000000,0.42,0.41
KO,2020-09-30,Quarter,8652000000,3471000000,5181000000,2883000000,2298000000,543000000,660000000,2181000000,441000000,3000000,0,0,1740000000,0,1737000000,,,4321000000,0.55,0.40
KO,2020-12-31,Quarter,8611000000,3578000000,5033000000,2695000000,2338000000,333000000,310000000,2361000000,887000000,18000000,0,0,1474000000,0,1456000000,,,4329000000,0.47,0.34
KO,2021-03-31,Quarter,9020000000,3505000000,5515000000,2793000000,2722000000,483000000,442000000,2763000000,508000000,10000000,0,0,2255000000,0,2245000000,,,4330000000,0.55,0.52
KO,2021-06-30,Quarter,10129000000,3787000000,6342000000,3326000000,3016000000,1382000000,780000000,3618000000,994000000,-17000000,0,0,2624000000,0,2641000000,,,4338000000,0.68,0.61
KO,2021-09-30,Quarter,10042000000,3977000000,6065000000,3167000000,2898000000,396000000,210000000,3084000000,609000000,4000000,0,0,2475000000,0,2471000000,,,4344000000,0.65,0.57
KO,2021-12-31,Quarter,9464000000,4088000000,5376000000,3704000000,1672000000,1453000000,165000000,2960000000,510000000,36000000,0,0,2450000000,0,2414000000,,,4347000000,0.45,0.55
KO,2022-03-31,Quarter,10491000000,4091000000,6400000000,2995000000,3405000000,235000000,182000000,3458000000,665000000,12000000,0,0,2793000000,0,2781000000,,,4357000000,0.64,0.64
KO,2022-06-30,Quarter,11325000000,4830000000,6495000000,4154000000,2341000000,141000000,198000000,2284000000,384000000,-5000000,0,0,1900000000,0,1905000000,,,4353000000,0.70,0.44
KO,2022-09-30,Quarter,11063000000,4566000000,6497000000,3409000000,3088000000,554000000,198000000,3444000000,622000000,-3000000,0,0,2822000000,0,2825000000,,,4346000000,0.69,0.65
KO,2022-12-31,Quarter,10125000000,4513000000,5612000000,3537000000,2075000000,729000000,304000000,2500000000,444000000,25000000,0,0,2056000000,0,2031000000,,,4347000000,0.45,0.47
KO,2023-03-31,Quarter,10980000000,4317000000,6663000000,3296000000,3367000000,1058000000,372000000,4053000000,940000000,6000000,0,0,3113000000,0,3107000000,,,4345000000,0.68,0.72
KO,2023-06-30,Quarter,11972000000,4912000000,7060000000,4659000000,2401000000,853000000,374000000,2880000000,359000000,-26000000,0,0,2521000000,0,2547000000,,,4341000000,0.78,0.59
KO,2023-09-30,Quarter,11953000000,4657000000,7296000000,4026000000,3270000000,635000000,368000000,3537000000,454000000,-4000000,0,0,3083000000,0,3087000000,,,4339000000,0.74,0.71
KO,2023-12-31,Quarter,10849000000,4634000000,6215000000,3942000000,2273000000,622000000,413000000,2482000000,496000000,13000000,0,0,1986000000,0,1973000000,,,4330000000,0.49,0.45
KO,2024-03-31,Quarter,11300000000,4235000000,7065000000,4924000000,2141000000,2113000000,382000000,3872000000,687000000,8000000,0,0,3185000000,0,3177000000,,,4322000000,0.72,0.74
KO,2024-06-30,Quarter,12363000000,4812000000,7551000000,4919000000,2632000000,814000000,418000000,3028000000,627000000,-10000000,0,0,2401000000,0,2411000000,,,4319000000,0.84,0.56
KO,2024-09-30,Quarter,11854000000,4664000000,7190000000,4680000000,2510000000,1295000000,425000000,3380000000,530000000,2000000,0,0,2850000000,0,2848000000,,,4323000000,0.77,0.66
KO,2024-12-31,Quarter,11544000000,4613000000,6931000000,4222000000,2709000000,528000000,431000000,2806000000,593000000,18000000,0,0,2213000000,0,2195000000,,,4317000000,0.55,0.50
KO,2025-03-31,Quarter,11129000000,4163000000,6966000000,3307000000,3659000000,785000000,387000000,4057000000,722000000,5000000,0,0,3335000000,0,3330000000,,,4313000000,0.73,0.77
KO,2025-06-30,Quarter,12535000000,4714000000,7821000000,3541000000,4280000000,961000000,445000000,4796000000,993000000,-7000000,0,0,3803000000,0,3810000000,,,4315000000,0.87,0.88
KO,2025-09-30,Quarter,12455000000,4797000000,7658000000,3676000000,3982000000,592000000,391000000,4183000000,500000000,-13000000,0,0,3683000000,0,3696000000,,,4313000000,0.82,0.86
LLY,2020-03-31,Quarter,5859800000,1215100000,4644700000,3053900000,1590800000,89100000,0,1679900000,223400000,0,0,0,1456500000,0,1456500000,,,911710000,1.75,1.60
LLY,2020-06-30,Quarter,5499400000,1222000000,4277400000,3080600000,1196800000,446900000,0,1643700000,231700000,0,0,0,1412000000,0,1412000000,,,910890000,1.89,1.55
LLY,2020-09-30,Quarter,5740600000,1326400000,4414200000,3135900000,1278300000,158900000,0,1437200000,228800000,0,0,0,1208400000,0,1208400000,,,911420000,1.54,1.33
LLY,2020-12-31,Quarter,7440000000,1719800000,5720200000,3728100000,1992100000,477000000,0,2469100000,352300000,0,0,0,2116800000,0,2116800000,,,912590000,2.75,2.31
LLY,2021-03-31,Quarter,6805600000,1878600000,4927000000,3771700000,1155300000,321100000,0,1476400000,121100000,0,0,0,1355300000,0,1355300000,,,912420000,1.87,1.49
LLY,2021-06-30,Quarter,6740100000,1953200000,4786900000,3383500000,1403400000,190500000,0,1593900000,203700000,0,0,0,1390200000,0,1390200000,,,910380000,1.87,1.53
LLY,2021-09-30,Quarter,6772800000,1430800000,5342000000,3460800000,1881200000,-635900000,0,1245300000,135200000,0,0,0,1110100000,0,1110100000,,,910750000,1.94,1.22
LLY,2021-12-31,Quarter,7999900000,2050200000,5949700000,4032500000,1917200000,-77300000,0,1839900000,113800000,0,0,0,1726100000,0,1726100000,,,909560000,2.49,1.88
LLY,2022-03-31,Quarter,7810000000,2072100000,5737900000,3333600000,2404300000,-350700000,0,2053600000,150700000,0,0,0,1902900000,0,1902900000,,,906350000,2.62,2.10
LLY,2022-06-30,Quarter,6488000000,1430500000,5057500000,3847400000,1210100000,-119200000,0,1090900000,138400000,0,0,0,952500000,0,952500000,,,902940000,1.25,1.05
LLY,2022-09-30,Quarter,6941600000,1579100000,5362500000,3686000000,1676500000,-111000000,0,1565500000,113800000,0,0,0,1451700000,0,1451700000,,,903780000,1.98,1.61
LLY,2022-12-31,Quarter,7301800000,1548100000,5753700000,3917300000,1836400000,260000000,0,2096400000,158700000,0,0,0,1937700000,0,1937700000,,,904730000,2.09,2.14
LLY,2023-03-31,Quarter,6960000000,1626700000,5333300000,3839300000,1494000000,35700000,0,1529700000,184800000,0,0,0,1344900000,0,1344900000,,,903280000,1.62,1.49
LLY,2023-06-30,Quarter,8312100000,1807400000,6504700000,4379000000,2125700000,-36800000,0,2088900000,325700000,0,0,0,1763200000,0,1763200000,,,902700000,2.11,1.95
LLY,2023-09-30,Quarter,9498600000,1860100000,7638500000,7188100000,450400000,-23200000,0,427200000,484600000,0,0,0,-57400000,0,-57400000,,,899840000,0.10,-0.06
LLY,2023-12-31,Quarter,9353400000,1788000000,7565400000,5109900000,2455500000,121000000,0,2508800000,319100000,0,0,0,2189700000,0,2189700000,,,903980000,2.49,2.42
LLY,2024-03-31,Quarter,8768000000,1673500000,7094500000,4585500000,2509000000,27100000,0,2536100000,293200000,0,0,0,2242900000,0,2242900000,,,903800000,2.58,2.48
LLY,2024-06-30,Quarter,11302800000,2170200000,9132600000,4982800000,4149800000,-632600000,0,3517200000,550200000,0,0,0,2967000000,0,2967000000,,,904250000,3.92,3.28
LLY,2024-09-30,Quarter,11439100000,2170800000,9268300000,4915500000,4352800000,-2764400000,0,1588400000,618100000,0,0,0,970300000,0,970300000,,,905030000,1.18,1.07
LLY,2024-12-31,Quarter,13532800000,2403800000,11129000000,9241600000,1887400000,-110100000,0,5038700000,628900000,0,0,0,4409800000,0,4409800000,,,903160000,5.32,4.88
LLY,2025-03-31,Quarter,12728500000,2224200000,10504300000,6809200000,3695100000,-239000000,0,3456100000,696800000,0,0,0,2759300000,0,2759300000,,,900600000,3.34,3.06
LLY,2025-06-30,Quarter,15557700000,2447800000,13109900000,6242900000,6867000000,-90600000,0,6776400000,1115900000,0,0,0,5660500000,0,5660500000,,,899790000,6.31,6.29
LLY,2025-09-30,Quarter,17600800000,3008300000,14592500000,7227000000,7365500000,-133100000,0,7232400000,1649900000,0,0,0,5582500000,0,5582500000,,,898800000,7.02,6.21
LMT,2020-03-31,Quarter,15651000000,13560000000,2091000000,-31000000,2122000000,56000000,148000000,2030000000,313000000,0,0,0,1717000000,0,1717000000,,,282600000,6.08,6.08
LMT,2020-06-30,Quarter,16220000000,14007000000,2213000000,127000000,2086000000,25000000,149000000,1962000000,336000000,0,0,0,1626000000,0,1626000000,,,280800000,6.13,5.79
LMT,2020-09-30,Quarter,16495000000,14359000000,2136000000,-11000000,2147000000,54000000,145000000,2056000000,303000000,0,0,0,1753000000,-55000000,1698000000,,,280600000,6.25,6.05
LMT,2020-12-31,Quarter,17032000000,14818000000,2214000000,-75000000,2289000000,47000000,149000000,2187000000,395000000,0,0,0,1792000000,0,1792000000,,,281000000,6.38,6.38
LMT,2021-03-31,Quarter,16258000000,14072000000,2186000000,4000000,2182000000,169000000,140000000,2211000000,374000000,0,0,0,1837000000,0,1837000000,,,280000000,6.56,6.56
LMT,2021-06-30,Quarter,17029000000,14878000000,2151000000,-41000000,2192000000,120000000,142000000,2170000000,355000000,0,0,0,1815000000,0,1815000000,,,278400000,7.13,6.52
LMT,2021-09-30,Quarter,16028000000,13726000000,2302000000,8000000,2294000000,-1474000000,141000000,679000000,65000000,0,0,0,614000000,0,614000000,,,277300000,6.66,2.21
LMT,2021-12-31,Quarter,17729000000,15307000000,2422000000,-33000000,2455000000,181000000,146000000,2490000000,441000000,0,0,0,2049000000,0,2049000000,,,274300000,7.24,7.47
LMT,2022-03-31,Quarter,14964000000,13055000000,1909000000,-24000000,1933000000,263000000,135000000,2061000000,328000000,0,0,0,1733000000,0,1733000000,,,269200000,6.44,6.44
LMT,2022-06-30,Quarter,15446000000,13490000000,1956000000,-7000000,1963000000,-1492000000,141000000,330000000,21000000,0,0,0,309000000,0,309000000,,,266700000,6.32,1.16
LMT,2022-09-30,Quarter,16583000000,14463000000,2120000000,-39000000,2159000000,85000000,145000000,2099000000,321000000,0,0,0,1778000000,0,1778000000,,,265100000,6.87,6.71
LMT,2022-12-31,Quarter,18991000000,16689000000,2302000000,9000000,2293000000,99000000,202000000,2190000000,278000000,0,0,0,1912000000,0,1912000000,,,258300000,7.79,7.35
LMT,2023-03-31,Quarter,15126000000,13080000000,2046000000,9000000,2037000000,159000000,202000000,1994000000,305000000,0,0,0,1689000000,0,1689000000,,,255700000,6.43,6.61
LMT,2023-06-30,Quarter,16693000000,14603000000,2090000000,-45000000,2135000000,94000000,223000000,2006000000,325000000,0,0,0,1681000000,0,1681000000,,,253600000,6.73,6.63
LMT,2023-09-30,Quarter,16878000000,14830000000,2048000000,6000000,2042000000,148000000,237000000,1953000000,269000000,0,0,0,1684000000,0,1684000000,,,250200000,6.77,6.73
LMT,2023-12-31,Quarter,18874000000,16579000000,2295000000,2000000,2293000000,106000000,254000000,2145000000,279000000,0,0,0,1866000000,0,1866000000,,,246100000,7.90,7.58
LMT,2024-03-31,Quarter,17195000000,15202000000,1993000000,-36000000,2029000000,61000000,255000000,1835000000,290000000,0,0,0,1545000000,0,1545000000,,,241600000,6.33,6.39
LMT,2024-06-30,Quarter,18122000000,15992000000,2130000000,-18000000,2148000000,61000000,261000000,1948000000,307000000,0,0,0,1641000000,0,1641000000,,,239600000,7.11,6.85
LMT,2024-09-30,Quarter,17104000000,14987000000,2117000000,-23000000,2140000000,34000000,256000000,1918000000,295000000,0,0,0,1623000000,0,1623000000,,,238600000,6.84,6.80
LMT,2024-12-31,Quarter,18622000000,17932000000,690000000,-6000000,696000000,87000000,264000000,519000000,-8000000,0,0,0,527000000,0,527000000,,,237000000,7.67,2.27
LMT,2025-03-31,Quarter,17963000000,15640000000,2323000000,-49000000,2372000000,-68000000,268000000,2036000000,324000000,0,0,0,1712000000,0,1712000000,,,235300000,7.28,7.28
LMT,2025-06-30,Quarter,18155000000,17421000000,734000000,-14000000,748000000,-57000000,274000000,417000000,75000000,0,0,0,342000000,0,342000000,,,234300000,7.29,1.46
LMT,2025-09-30,Quarter,18609000000,16369000000,2240000000,-40000000,2280000000,-56000000,286000000,1938000000,319000000,0,0,0,1619000000,0,1619000000,,,232800000,6.95,6.95
LOW,2020-01-31,Quarter,16027000000,11045000000,4982000000,4024000000,958000000,0,183000000,775000000,265000000,0,0,0,510000000,0,510000000,,,764000000,0.94,0.68
LOW,2020-04-30,Quarter,19675000000,13162000000,6513000000,4522000000,1991000000,0,205000000,1786000000,449000000,0,0,0,1337000000,0,1337000000,,,756000000,1.77,1.76
LOW,2020-07-31,Quarter,27302000000,17998000000,9304000000,5347000000,3957000000,0,219000000,3738000000,910000000,0,0,0,2828000000,0,2828000000,,,753000000,3.75,3.74
LOW,2020-10-31,Quarter,22309000000,15009000000,7300000000,5125000000,2175000000,-1060000000,221000000,894000000,202000000,0,0,0,692000000,0,692000000,,,754000000,1.98,0.91
LOW,2021-01-31,Quarter,20311000000,13856000000,6455000000,4931000000,1524000000,0,203000000,1321000000,343000000,0,0,0,978000000,0,978000000,,,735000000,1.33,1.34
LOW,2021-04-30,Quarter,24422000000,16292000000,8130000000,4885000000,3245000000,0,211000000,3034000000,713000000,0,0,0,2321000000,0,2321000000,,,720000000,3.21,3.21
LOW,2021-07-31,Quarter,27570000000,18258000000,9312000000,5102000000,4210000000,0,216000000,3994000000,976000000,0,0,0,3018000000,0,3018000000,,,707000000,4.25,4.25
LOW,2021-10-31,Quarter,22918000000,15331000000,7587000000,4798000000,2789000000,0,223000000,2566000000,670000000,0,0,0,1896000000,0,1896000000,,,692000000,2.73,2.73
LOW,2022-01-31,Quarter,21340000000,14313000000,7027000000,5178000000,1849000000,0,235000000,1614000000,407000000,0,0,0,1207000000,0,1207000000,,,676000000,1.78,1.85
LOW,2022-04-30,Quarter,23659000000,15609000000,8050000000,4748000000,3302000000,0,243000000,3059000000,726000000,0,0,0,2333000000,0,2333000000,,,662000000,3.51,3.51
LOW,2022-07-31,Quarter,27476000000,18343000000,9133000000,4904000000,4229000000,0,264000000,3965000000,973000000,0,0,0,2992000000,0,2992000000,,,639000000,4.67,4.67
LOW,2022-10-31,Quarter,23479000000,15661000000,7818000000,6894000000,924000000,0,295000000,629000000,475000000,0,0,0,154000000,0,154000000,,,620000000,3.27,0.25
LOW,2023-01-31,Quarter,22445000000,15189000000,7256000000,5552000000,1704000000,0,321000000,1383000000,425000000,0,0,0,958000000,0,958000000,,,605000000,2.28,1.74
LOW,2023-04-30,Quarter,22347000000,14820000000,7527000000,4239000000,3288000000,0,349000000,2939000000,679000000,0,0,0,2260000000,0,2260000000,,,597000000,3.67,3.77
LOW,2023-07-31,Quarter,24956000000,16557000000,8399000000,4513000000,3886000000,0,341000000,3545000000,872000000,0,0,0,2673000000,0,2673000000,,,585000000,4.56,4.56
LOW,2023-10-31,Quarter,20471000000,13580000000,6891000000,4195000000,2696000000,0,345000000,2351000000,578000000,0,0,0,1773000000,0,1773000000,,,577000000,3.06,3.06
LOW,2024-01-31,Quarter,18603000000,12576000000,6027000000,4340000000,1687000000,0,347000000,1340000000,320000000,0,0,0,1020000000,0,1020000000,,,575000000,1.77,1.81
LOW,2024-04-30,Quarter,21364000000,14274000000,7090000000,4437000000,2653000000,0,352000000,2301000000,546000000,0,0,0,1755000000,0,1755000000,,,572000000,3.06,3.06
LOW,2024-07-31,Quarter,23586000000,15691000000,7895000000,4448000000,3447000000,0,317000000,3130000000,747000000,0,0,0,2383000000,0,2383000000,,,570000000,4.10,4.17
LOW,2024-10-31,Quarter,20170000000,13374000000,6796000000,4260000000,2536000000,0,317000000,2219000000,524000000,0,0,0,1695000000,0,1695000000,,,566000000,2.89,2.99
LOW,2025-01-31,Quarter,18554000000,12458000000,6096000000,4266000000,1830000000,0,327000000,1503000000,379000000,0,0,0,1124000000,0,1124000000,,,563000000,1.93,2.01
LOW,2025-04-30,Quarter,20930000000,13944000000,6986000000,4492000000,2494000000,0,337000000,2157000000,516000000,0,0,0,1641000000,0,1641000000,,,560000000,2.92,2.92
LOW,2025-07-31,Quarter,23959000000,15858000000,8101000000,4632000000,3469000000,0,313000000,3156000000,758000000,0,0,0,2398000000,0,2398000000,,,560000000,4.33,4.27
LOW,2025-10-31,Quarter,20813000000,13697000000,7116000000,4635000000,2481000000,0,352000000,2129000000,513000000,0,0,0,1616000000,0,1616000000,,,560000000,3.06,2.88
LULU,2020-01-31,Quarter,1397490000,586670000,810830000,394340000,416490000,2130000,0,418620000,120600000,0,0,0,298020000,0,298020000,,,130900000,2.28,2.27
LULU,2020-04-30,Quarter,651960000,317560000,334400000,301650000,32750000,1170000,0,33930000,5290000,0,0,0,28630000,0,28630000,,,130800000,0.22,0.22
LULU,2020-07-31,Quarter,902940000,413440000,489500000,365090000,124410000,-340000,0,124070000,37260000,0,0,0,86800000,0,86800000,,,130800000,0.74,0.66
LULU,2021-01-31,Quarter,1729550000,716810000,1012730000,554830000,457900000,-890000,0,457020000,127180000,0,0,0,329840000,0,329840000,,,130960000,2.58,2.52
LULU,2021-04-30,Quarter,1226470000,526150000,700310000,506500000,193810000,230000,0,194050000,49090000,0,0,0,144960000,0,144960000,,,130980000,1.16,1.11
LULU,2021-07-31,Quarter,1450620000,607930000,842690000,551660000,291030000,100000,0,291130000,83050000,0,0,0,208070000,0,208070000,,,130490000,1.65,1.59
LULU,2021-10-31,Quarter,1450420000,621030000,829390000,571450000,257940000,20000,0,257960000,70170000,0,0,0,187790000,0,187790000,,,130190000,1.62,1.44
LULU,2022-01-31,Quarter,2129110000,892940000,1236170000,645620000,590550000,180000,0,590730000,156230000,0,0,0,434500000,0,434500000,,,129510000,3.37,3.35
LULU,2022-04-30,Quarter,1613460000,743070000,870390000,610050000,260340000,-20000,0,260330000,70330000,0,0,0,190000000,0,190000000,,,128540000,1.48,1.48
LULU,2022-07-31,Quarter,1868330000,812850000,1055480000,654270000,401210000,150000,0,401350000,111830000,0,0,0,289520000,0,289520000,,,127910000,2.20,2.26
LULU,2022-10-31,Quarter,1856890000,818040000,1038850000,686430000,352420000,330000,0,352760000,97290000,0,0,0,255470000,0,255470000,,,127820000,2.00,2.00
LULU,2023-01-31,Quarter,2771840000,1244220000,1527620000,805280000,722340000,3710000,0,318140000,198320000,0,0,0,119810000,0,119810000,,,127800000,4.40,0.94
LULU,2023-04-30,Quarter,2000790000,849990000,1150810000,749390000,401420000,8030000,0,409440000,119030000,0,0,0,290410000,0,290410000,,,127620000,2.28,2.28
LULU,2023-07-31,Quarter,2209170000,910650000,1298510000,819260000,479250000,7360000,0,486620000,145020000,0,0,0,341600000,0,341600000,,,127260000,2.68,2.68
LULU,2023-10-31,Quarter,2204220000,947550000,1256660000,918550000,338110000,9840000,0,347960000,99240000,0,0,0,248710000,0,248710000,,,126770000,2.53,1.96
LULU,2024-01-31,Quarter,3205100000,1301680000,1903430000,1064040000,839390000,17830000,0,931720000,262250000,0,0,0,669470000,0,669470000,,,126580000,5.29,5.28
LULU,2024-04-30,Quarter,2208890000,933820000,1275070000,842430000,432640000,23280000,0,455930000,134500000,0,0,0,321420000,0,321420000,,,126340000,2.54,2.54
LULU,2024-07-31,Quarter,2371080000,958890000,1412190000,871960000,540230000,17990000,0,558220000,165300000,0,0,0,392920000,0,392920000,,,124860000,3.15,3.15
LULU,2024-10-31,Quarter,2396660000,995050000,1401610000,910950000,490660000,13740000,0,504400000,152530000,0,0,0,351870000,0,351870000,,,122800000,2.87,2.87
LULU,2025-01-31,Quarter,3611500000,1429550000,2181950000,1139790000,1042160000,15360000,0,1057530000,309130000,0,0,0,748400000,0,748400000,,,121900000,6.14,6.14
LULU,2025-04-30,Quarter,2370660000,987530000,1383130000,944500000,438630000,11790000,0,450410000,135840000,0,0,0,314570000,0,314570000,,,120840000,2.60,2.60
LULU,2025-07-31,Quarter,2525220000,1048020000,1477200000,953390000,523810000,9740000,0,533550000,162650000,0,0,0,370910000,0,370910000,,,119680000,3.10,3.10
MA,2020-03-31,Quarter,4009000000,0,4009000000,1798000000,2211000000,-155000000,69000000,1987000000,294000000,0,0,0,1693000000,0,1693000000,,,1010000000,1.83,1.68
MA,2020-06-30,Quarter,3335000000,0,3335000000,1628000000,1707000000,84000000,101000000,1690000000,270000000,0,0,0,1420000000,0,1420000000,,,1008000000,1.36,1.41
MA,2020-09-30,Quarter,3837000000,0,3837000000,1732000000,2105000000,-85000000,105000000,1915000000,402000000,0,0,0,1513000000,0,1513000000,,,1005000000,1.60,1.51
MA,2020-12-31,Quarter,4120000000,0,4120000000,2062000000,2058000000,215000000,105000000,2168000000,383000000,0,0,0,1785000000,0,1785000000,,,1001000000,1.64,1.77
MA,2021-03-31,Quarter,4155000000,0,4155000000,1958000000,2197000000,100000000,107000000,2190000000,362000000,0,0,0,1828000000,0,1828000000,,,998000000,1.74,1.83
MA,2021-06-30,Quarter,4528000000,0,4528000000,2187000000,2341000000,243000000,106000000,2478000000,412000000,0,0,0,2066000000,0,2066000000,,,994000000,1.95,2.08
MA,2021-09-30,Quarter,4985000000,0,4985000000,2268000000,2717000000,209000000,110000000,2816000000,402000000,0,0,0,2414000000,0,2414000000,,,990000000,2.37,2.44
MA,2021-12-31,Quarter,5216000000,0,5216000000,2389000000,2827000000,113000000,108000000,2823000000,444000000,0,0,0,2379000000,0,2379000000,,,986000000,2.35,2.41
MA,2022-03-31,Quarter,5167000000,0,5167000000,2217000000,2950000000,-67000000,110000000,2773000000,142000000,0,0,0,2631000000,0,2631000000,,,981000000,2.76,2.68
MA,2022-06-30,Quarter,5497000000,0,5497000000,2479000000,3018000000,-106000000,114000000,2798000000,523000000,0,0,0,2275000000,0,2275000000,,,974000000,2.56,2.34
MA,2022-09-30,Quarter,5756000000,0,5756000000,2644000000,3112000000,80000000,120000000,3072000000,573000000,0,0,0,2499000000,0,2499000000,,,968000000,2.68,2.58
MA,2022-12-31,Quarter,5817000000,0,5817000000,2633000000,3184000000,32000000,127000000,3089000000,564000000,0,0,0,2525000000,0,2525000000,,,963000000,2.65,2.62
MA,2023-03-31,Quarter,5748000000,0,5748000000,2612000000,3136000000,-151000000,132000000,2853000000,492000000,0,0,0,2361000000,0,2361000000,,,956000000,2.80,2.47
MA,2023-06-30,Quarter,6269000000,0,6269000000,2613000000,3656000000,192000000,144000000,3704000000,859000000,0,0,0,2845000000,0,2845000000,,,949000000,2.89,3.00
MA,2023-09-30,Quarter,6533000000,0,6533000000,2689000000,3844000000,68000000,151000000,3761000000,563000000,0,0,0,3198000000,0,3198000000,,,943000000,3.39,3.39
MA,2023-12-31,Quarter,6548000000,0,6548000000,3176000000,3372000000,97000000,148000000,3321000000,530000000,0,0,0,2791000000,0,2791000000,,,939000000,3.18,2.97
MA,2024-03-31,Quarter,6348000000,0,6348000000,2744000000,3604000000,104000000,150000000,3558000000,547000000,0,0,0,3011000000,0,3011000000,,,935000000,3.31,3.22
MA,2024-06-30,Quarter,6961000000,0,6961000000,2925000000,4036000000,56000000,153000000,3939000000,681000000,0,0,0,3258000000,0,3258000000,,,930000000,3.59,3.50
MA,2024-09-30,Quarter,7369000000,0,7369000000,3365000000,4004000000,21000000,159000000,3866000000,603000000,0,0,0,3263000000,0,3263000000,,,925000000,3.89,3.53
MA,2024-12-31,Quarter,7489000000,0,7489000000,3551000000,3938000000,137000000,184000000,3891000000,549000000,0,0,0,3342000000,0,3342000000,,,919000000,3.82,3.64
MA,2025-03-31,Quarter,7250000000,0,7250000000,3101000000,4149000000,64000000,182000000,4031000000,751000000,0,0,0,3280000000,0,3280000000,,,914000000,3.73,3.59
MA,2025-06-30,Quarter,8133000000,0,8133000000,3356000000,4777000000,90000000,195000000,4672000000,971000000,0,0,0,3701000000,0,3701000000,,,909000000,4.15,4.07
MA,2025-09-30,Quarter,8602000000,0,8602000000,3541000000,5061000000,124000000,186000000,4999000000,1072000000,0,0,0,3927000000,0,3927000000,,,905000000,4.38,4.34
MAR,2020-03-31,Quarter,4681000000,4149000000,532000000,418000000,114000000,-2000000,93000000,19000000,-12000000,0,0,0,31000000,0,31000000,,,327400000,0.26,0.09
MAR,2020-06-30,Quarter,1464000000,1362000000,102000000,256000000,-154000000,-17000000,127000000,-298000000,-64000000,0,0,0,-234000000,0,-234000000,,,325600000,-0.64,-0.72
MAR,2020-09-30,Quarter,2254000000,1817000000,437000000,185000000,252000000,-12000000,113000000,127000000,27000000,0,0,0,100000000,0,100000000,,,326800000,0.06,0.31
MAR,2020-12-31,Quarter,2172000000,1784000000,388000000,516000000,-128000000,-74000000,112000000,-314000000,-150000000,0,0,0,-164000000,0,-164000000,,,326200000,0.12,-0.50
MAR,2021-03-31,Quarter,2316000000,1968000000,348000000,264000000,84000000,-4000000,107000000,-27000000,-16000000,0,0,0,-11000000,0,-11000000,,,326700000,0.10,-0.03
MAR,2021-06-30,Quarter,3149000000,2423000000,726000000,240000000,486000000,4000000,109000000,381000000,-41000000,0,0,0,422000000,0,422000000,,,329100000,0.79,1.28
MAR,2021-09-30,Quarter,3946000000,3121000000,825000000,280000000,545000000,-160000000,107000000,278000000,58000000,0,0,0,220000000,0,220000000,,,329300000,0.99,0.67
MAR,2021-12-31,Quarter,4446000000,3544000000,902000000,267000000,635000000,10000000,97000000,548000000,80000000,0,0,0,468000000,0,468000000,,,329800000,1.30,1.42
MAR,2022-03-31,Quarter,4199000000,3376000000,823000000,265000000,558000000,11000000,93000000,476000000,99000000,0,0,0,377000000,0,377000000,,,330000000,1.25,1.14
MAR,2022-06-30,Quarter,5338000000,4108000000,1230000000,280000000,950000000,23000000,95000000,878000000,200000000,0,0,0,678000000,0,678000000,,,329500000,1.80,2.06
MAR,2022-09-30,Quarter,5313000000,4087000000,1226000000,268000000,958000000,11000000,100000000,869000000,239000000,0,0,0,630000000,0,630000000,,,325700000,1.69,1.94
MAR,2022-12-31,Quarter,5923000000,4644000000,1279000000,283000000,996000000,10000000,115000000,891000000,218000000,0,0,0,673000000,0,673000000,,,317900000,1.96,2.10
MAR,2023-03-31,Quarter,5615000000,4417000000,1198000000,247000000,951000000,19000000,126000000,844000000,87000000,0,0,0,757000000,0,757000000,,,311000000,2.09,2.43
MAR,2023-06-30,Quarter,6075000000,4653000000,1422000000,326000000,1096000000,8000000,140000000,964000000,238000000,0,0,0,726000000,0,726000000,,,305000000,2.26,2.38
MAR,2023-09-30,Quarter,5928000000,4531000000,1397000000,298000000,1099000000,36000000,146000000,989000000,237000000,0,0,0,752000000,0,752000000,,,300100000,2.11,2.51
MAR,2023-12-31,Quarter,6095000000,4988000000,1107000000,389000000,718000000,16000000,153000000,581000000,-267000000,0,0,0,848000000,0,848000000,,,295600000,3.57,2.86
MAR,2024-03-31,Quarter,5977000000,4787000000,1190000000,314000000,876000000,14000000,163000000,727000000,163000000,0,0,0,564000000,0,564000000,,,291600000,2.13,1.93
MAR,2024-06-30,Quarter,6439000000,4941000000,1498000000,303000000,1195000000,18000000,173000000,1040000000,268000000,0,0,0,772000000,0,772000000,,,286700000,2.50,2.69
MAR,2024-09-30,Quarter,6255000000,4981000000,1274000000,330000000,944000000,21000000,179000000,786000000,202000000,0,0,0,584000000,0,584000000,,,282400000,2.26,2.07
MAR,2024-12-31,Quarter,6429000000,5290000000,1139000000,387000000,752000000,26000000,180000000,598000000,143000000,0,0,0,455000000,0,455000000,,,280100000,2.45,1.64
MAR,2025-03-31,Quarter,6263000000,5018000000,1245000000,297000000,948000000,8000000,192000000,764000000,99000000,0,0,0,665000000,0,665000000,,,277700000,2.32,2.39
MAR,2025-06-30,Quarter,6744000000,5202000000,1542000000,306000000,1236000000,21000000,203000000,1054000000,291000000,0,0,0,763000000,0,763000000,,,274700000,2.65,2.78
MAR,2025-09-30,Quarter,6489000000,5065000000,1424000000,244000000,1180000000,20000000,206000000,994000000,266000000,0,0,0,728000000,0,728000000,,,272500000,2.47,2.67
MCD,2020-03-31,Quarter,4714400000,2372500000,2341900000,648300000,1693600000,31300000,280000000,1444900000,338000000,0,0,0,1106900000,0,1106900000,,,750700000,1.47,1.47
MCD,2020-06-30,Quarter,3761500000,2036200000,1725300000,764200000,961100000,6700000,319100000,648700000,164900000,0,0,0,483800000,0,483800000,,,748600000,0.66,0.65
MCD,2020-09-30,Quarter,5418100000,2513400000,2904700000,378300000,2526400000,800000,310100000,2217100000,454500000,0,0,0,1762600000,0,1762600000,,,750000000,2.22,2.35
MCD,2020-12-31,Quarter,5313800000,2533600000,2780200000,637300000,2142900000,-4000000,308900000,1830000000,452800000,0,0,0,1377200000,0,1377200000,,,751000000,1.70,1.84
MCD,2021-03-31,Quarter,5124600000,2456300000,2668300000,387000000,2281300000,-28600000,300000000,1952700000,415500000,0,0,0,1537200000,0,1537200000,,,751000000,1.92,2.05
MCD,2021-06-30,Quarter,5887900000,2668400000,3219500000,528400000,2691100000,-18600000,296500000,2376000000,156700000,0,0,0,2219300000,0,2219300000,,,752100000,2.37,2.95
MCD,2021-09-30,Quarter,6201300000,2769900000,3431400000,444900000,2986500000,-1400000,293700000,2691400000,541500000,0,0,0,2149900000,0,2149900000,,,752600000,2.76,2.86
MCD,2021-12-31,Quarter,6009100000,2748100000,3261000000,863900000,2397100000,6300000,295600000,2107800000,469000000,0,0,0,1638800000,0,1638800000,,,751600000,2.23,2.18
MCD,2022-03-31,Quarter,5665600000,2615500000,3050100000,737500000,2312600000,-484100000,287300000,1541200000,436800000,0,0,0,1104400000,0,1104400000,,,747600000,2.28,1.48
MCD,2022-06-30,Quarter,5718400000,2416300000,3302100000,1590300000,1711800000,-12100000,290600000,1409100000,221100000,0,0,0,1188000000,0,1188000000,,,742000000,2.55,1.60
MCD,2022-09-30,Quarter,5872100000,2426000000,3446100000,682200000,2763900000,78500000,306200000,2536200000,554600000,0,0,0,1981600000,0,1981600000,,,739500000,2.68,2.68
MCD,2022-12-31,Quarter,5926500000,2517600000,3408900000,826200000,2582700000,79100000,322900000,2338900000,435500000,0,0,0,1903400000,0,1903400000,,,736000000,2.59,2.57
MCD,2023-03-31,Quarter,5897800000,2584200000,3313600000,781200000,2532400000,64300000,329700000,2267000000,464700000,0,0,0,1802300000,0,1802300000,,,735500000,2.63,2.45
MCD,2023-06-30,Quarter,6497500000,2766500000,3731000000,626900000,3104100000,42800000,330200000,2816700000,506300000,0,0,0,2310400000,0,2310400000,,,734300000,3.17,3.15
MCD,2023-09-30,Quarter,6692200000,2828500000,3863700000,655400000,3208300000,55900000,340700000,2923500000,606400000,0,0,0,2317100000,0,2317100000,,,731600000,3.19,3.17
MCD,2023-12-31,Quarter,6406200000,2752000000,3654200000,852300000,2801900000,73300000,360200000,2515000000,476000000,0,0,0,2039000000,0,2039000000,,,727800000,2.95,2.80
MCD,2024-03-31,Quarter,6169000000,2730000000,3439000000,704000000,2735000000,45000000,372000000,2409000000,479000000,0,0,0,1930000000,0,1930000000,,,725900000,2.70,2.66
MCD,2024-06-30,Quarter,6490000000,2772000000,3718000000,798000000,2920000000,9000000,373000000,2555000000,533000000,0,0,0,2022000000,0,2022000000,,,722000000,2.97,2.80
MCD,2024-09-30,Quarter,6873000000,2998000000,3875000000,686000000,3189000000,36000000,381000000,2843000000,588000000,0,0,0,2255000000,0,2255000000,,,720000000,3.23,3.13
MCD,2024-12-31,Quarter,6388000000,2710000000,3678000000,810000000,2868000000,49000000,380000000,2538000000,521000000,0,0,0,2017000000,0,2017000000,,,719700000,2.83,2.80
MCD,2025-03-31,Quarter,5956000000,2619000000,3337000000,689000000,2648000000,57000000,376000000,2330000000,461000000,0,0,0,1869000000,0,1869000000,,,718200000,2.67,2.60
MCD,2025-06-30,Quarter,6843000000,2881000000,3962000000,730000000,3232000000,18000000,390000000,2861000000,608000000,0,0,0,2253000000,0,2253000000,,,717600000,3.19,3.14
MCD,2025-09-30,Quarter,7078000000,2973000000,4105000000,748000000,3357000000,-1000000,406000000,2949000000,671000000,0,0,0,2278000000,0,2278000000,,,715900000,3.22,3.18
META,2021-06-30,Quarter,29077000000,5399000000,23678000000,11311000000,12367000000,146000000,0,12513000000,2119000000,0,0,0,10394000000,0,10394000000,,,2877000000,3.61,3.61
META,2021-09-30,Quarter,29010000000,5771000000,23239000000,12816000000,10423000000,142000000,0,10565000000,1371000000,0,0,0,9194000000,0,9194000000,,,2859000000,3.22,3.22
META,2021-12-31,Quarter,33671000000,6348000000,27323000000,14738000000,12585000000,243000000,0,12703000000,2418000000,0,0,0,10285000000,0,10285000000,,,2799000000,3.67,3.64
META,2022-03-31,Quarter,27908000000,6005000000,21903000000,13379000000,8524000000,384000000,0,8908000000,1443000000,0,0,0,7465000000,0,7465000000,,,2742000000,2.72,2.72
META,2022-06-30,Quarter,28822000000,5192000000,23630000000,15272000000,8358000000,-172000000,0,8186000000,1499000000,0,0,0,6687000000,0,6687000000,,,2713000000,2.46,2.46
META,2022-09-30,Quarter,27714000000,5716000000,21998000000,16334000000,5664000000,-88000000,0,5576000000,1181000000,0,0,0,4395000000,0,4395000000,,,2687000000,1.64,1.64
META,2022-12-31,Quarter,32165000000,8336000000,23829000000,17431000000,6398000000,-249000000,0,6149000000,1496000000,0,0,0,4653000000,0,4653000000,,,2640000000,3.00,1.77
META,2023-03-31,Quarter,28645000000,6108000000,22537000000,15310000000,7227000000,80000000,0,7307000000,1598000000,0,0,0,5709000000,0,5709000000,,,2596000000,2.64,2.20
META,2023-06-30,Quarter,31999000000,5945000000,26054000000,16662000000,9392000000,-99000000,0,9293000000,1505000000,0,0,0,7788000000,0,7788000000,,,2612000000,3.23,2.98
META,2023-09-30,Quarter,34146000000,6210000000,27936000000,14188000000,13748000000,272000000,0,14020000000,2437000000,0,0,0,11583000000,0,11583000000,,,2641000000,4.39,4.39
META,2023-12-31,Quarter,40112000000,7696000000,32416000000,16032000000,16384000000,424000000,0,16808000000,2790000000,0,0,0,14018000000,0,14018000000,,,2630000000,5.33,5.30
META,2024-03-31,Quarter,36455000000,6640000000,29815000000,15997000000,13818000000,365000000,0,14183000000,1814000000,0,0,0,12369000000,0,12369000000,,,2625000000,4.71,4.71
META,2024-06-30,Quarter,39071000000,7308000000,31763000000,16916000000,14847000000,259000000,0,15106000000,1641000000,0,0,0,13465000000,0,13465000000,,,2610000000,5.16,5.16
META,2024-09-30,Quarter,40589000000,7375000000,33214000000,15864000000,17350000000,472000000,0,17822000000,2134000000,0,0,0,15688000000,0,15688000000,,,2600000000,6.03,6.03
META,2024-12-31,Quarter,48386000000,8838000000,39548000000,16183000000,23365000000,187000000,0,23552000000,2714000000,0,0,0,20838000000,0,20838000000,,,2599000000,8.02,7.96
META,2025-03-31,Quarter,42314000000,7572000000,34742000000,17187000000,17555000000,827000000,0,18382000000,1738000000,0,0,0,16644000000,0,16644000000,,,2590000000,6.43,6.43
META,2025-06-30,Quarter,47516000000,8491000000,39025000000,18584000000,20441000000,93000000,0,20534000000,2197000000,0,0,0,18337000000,0,18337000000,,,2570000000,7.14,7.14
META,2025-09-30,Quarter,51242000000,9206000000,42036000000,21501000000,20535000000,1128000000,0,21663000000,18954000000,0,0,0,2709000000,0,2709000000,,,2572000000,7.25,1.05
MMM,2020-03-31,Quarter,8075000000,4109000000,3966000000,2303000000,1663000000,-96000000,0,1567000000,273000000,2000000,0,0,1294000000,0,1292000000,,,581500000,2.16,2.22
MMM,2020-06-30,Quarter,7176000000,3805000000,3371000000,1631000000,1740000000,-111000000,0,1629000000,342000000,-3000000,0,0,1287000000,0,1290000000,,,580800000,1.78,2.22
MMM,2020-09-30,Quarter,8350000000,4303000000,4047000000,2138000000,1909000000,-104000000,0,1805000000,387000000,4000000,0,-1000000,1417000000,0,1413000000,,,582400000,2.43,2.43
MMM,2020-12-31,Quarter,8583000000,4388000000,4195000000,2346000000,1849000000,-139000000,0,1710000000,316000000,1000000,0,-4000000,1390000000,0,1389000000,,,584000000,2.38,2.38
MMM,2021-03-31,Quarter,8851000000,4525000000,4326000000,2332000000,1994000000,-49000000,0,1945000000,319000000,3000000,0,1000000,1627000000,0,1624000000,,,586300000,2.77,2.77
MMM,2021-06-30,Quarter,8950000000,4719000000,4231000000,2260000000,1971000000,-33000000,0,1938000000,415000000,1000000,0,2000000,1525000000,0,1524000000,,,588600000,2.59,2.59
MMM,2021-09-30,Quarter,8942000000,4853000000,4089000000,2301000000,1788000000,-31000000,0,1757000000,324000000,3000000,0,4000000,1437000000,0,1434000000,,,586300000,2.45,2.45
MMM,2021-12-31,Quarter,8612000000,4698000000,3914000000,2298000000,1616000000,-52000000,0,1564000000,227000000,1000000,0,3000000,1340000000,0,1339000000,,,579900000,2.31,2.31
MMM,2022-03-31,Quarter,8829000000,4826000000,4003000000,2362000000,1641000000,-38000000,0,1603000000,302000000,4000000,0,2000000,1303000000,0,1299000000,,,575000000,2.65,2.26
MMM,2022-06-30,Quarter,8702000000,5093000000,3609000000,3499000000,110000000,-50000000,0,60000000,-23000000,4000000,0,-1000000,82000000,0,78000000,,,572700000,2.48,0.14
MMM,2022-09-30,Quarter,8619000000,4728000000,3891000000,-265000000,4156000000,-24000000,0,4132000000,271000000,4000000,0,2000000,3863000000,0,3859000000,,,570000000,2.69,6.77
MMM,2022-12-31,Quarter,8079000000,4585000000,3494000000,2862000000,632000000,-35000000,0,597000000,62000000,2000000,0,8000000,543000000,0,541000000,,,552900000,2.28,1.01
MMM,2023-03-31,Quarter,8031000000,4613000000,3418000000,2177000000,1241000000,-52000000,0,1189000000,210000000,5000000,0,2000000,981000000,0,976000000,,,553200000,1.97,1.76
MMM,2023-06-30,Quarter,8325000000,4606000000,3719000000,12677000000,-8958000000,-65000000,0,-9023000000,-2184000000,5000000,0,3000000,-6836000000,0,-6841000000,,,553900000,2.17,-12.35
MMM,2023-09-30,Quarter,8312000000,4580000000,3732000000,6386000000,-2654000000,-200000000,0,-2854000000,-781000000,4000000,0,2000000,-2071000000,0,-2075000000,,,554300000,2.68,-3.74
MMM,2023-12-31,Quarter,8013000000,4678000000,3335000000,2092000000,1243000000,-243000000,0,1000000000,64000000,2000000,0,11000000,947000000,0,945000000,,,555400000,2.42,1.70
MMM,2024-03-31,Quarter,8003000000,4329000000,3674000000,2173000000,1501000000,-264000000,0,1237000000,305000000,5000000,0,1000000,933000000,0,928000000,,,555900000,2.39,1.67
MMM,2024-06-30,Quarter,6255000000,3571000000,2684000000,1412000000,1272000000,138000000,0,1410000000,203000000,6000000,0,3000000,1210000000,-59000000,1145000000,,,554800000,1.93,2.07
MMM,2024-09-30,Quarter,6294000000,3647000000,2647000000,1331000000,1316000000,405000000,0,1721000000,348000000,4000000,0,3000000,1376000000,0,1372000000,,,552700000,1.98,2.48
MMM,2024-12-31,Quarter,4023000000,2900000000,1123000000,390000000,733000000,-282000000,0,451000000,-52000000,0,0,2000000,505000000,223000000,728000000,,,546300000,1.68,1.33
MMM,2025-03-31,Quarter,5954000000,3478000000,2476000000,1230000000,1246000000,139000000,0,1385000000,265000000,6000000,0,2000000,1122000000,0,1116000000,,,547700000,1.88,2.04
MMM,2025-06-30,Quarter,6344000000,3646000000,2698000000,1558000000,1140000000,-217000000,0,923000000,245000000,2000000,0,47000000,725000000,0,723000000,,,540600000,2.16,1.34
MMM,2025-09-30,Quarter,6517000000,3792000000,2725000000,1278000000,1447000000,-300000000,0,1147000000,308000000,7000000,0,2000000,841000000,0,834000000,,,538100000,2.19,1.55
MRK,2020-03-31,Quarter,12057000000,3312000000,8745000000,4764000000,3981000000,-143000000,0,3838000000,619000000,0,0,0,3219000000,0,3219000000,,,2547000000,1.50,1.26
MRK,2020-06-30,Quarter,10872000000,3159000000,7713000000,4501000000,3212000000,307000000,0,3519000000,509000000,8000000,0,0,3010000000,0,3002000000,,,2536000000,1.37,1.18
MRK,2020-09-30,Quarter,12551000000,3481000000,9070000000,5840000000,3230000000,198000000,0,3428000000,483000000,4000000,0,0,2945000000,0,2941000000,,,2538000000,1.74,1.16
MRK,2020-12-31,Quarter,12514000000,5533000000,6981000000,8921000000,-1940000000,-54000000,0,-1994000000,98000000,3000000,0,0,-2092000000,0,-2095000000,,,2540000000,1.32,-0.82
MRK,2021-03-31,Quarter,12080000000,3670000000,8410000000,5098000000,3312000000,150000000,0,3462000000,276000000,7000000,0,0,3186000000,0,3179000000,,,2541000000,1.40,1.25
MRK,2021-06-30,Quarter,11402000000,3104000000,8298000000,6602000000,1696000000,21000000,0,1717000000,503000000,1000000,0,0,1214000000,332000000,1545000000,,,2540000000,1.31,0.61
MRK,2021-09-30,Quarter,13154000000,3450000000,9704000000,4781000000,4923000000,343000000,0,5266000000,695000000,4000000,0,0,4571000000,0,4567000000,,,2536000000,1.75,1.80
MRK,2021-12-31,Quarter,12068000000,3402000000,8666000000,5398000000,3268000000,166000000,0,3434000000,47000000,1000000,0,0,3387000000,372000000,3758000000,,,2535000000,1.80,1.48
MRK,2022-03-31,Quarter,15901000000,5380000000,10521000000,4899000000,5622000000,-761000000,0,4861000000,554000000,-3000000,0,0,4307000000,0,4310000000,,,2537000000,2.14,1.70
MRK,2022-06-30,Quarter,14593000000,4216000000,10377000000,5310000000,5067000000,-580000000,0,4487000000,538000000,5000000,0,0,3949000000,0,3944000000,,,2540000000,1.87,1.55
MRK,2022-09-30,Quarter,14959000000,3934000000,11025000000,6919000000,4106000000,-523000000,0,3583000000,330000000,5000000,0,0,3253000000,0,3248000000,,,2542000000,1.85,1.28
MRK,2022-12-31,Quarter,13830000000,3881000000,9949000000,6462000000,3487000000,26000000,0,3513000000,496000000,0,0,0,3017000000,0,3017000000,,,2548000000,1.62,1.18
MRK,2023-03-31,Quarter,14487000000,3926000000,10561000000,6755000000,3806000000,-156000000,0,3650000000,825000000,4000000,0,0,2825000000,0,2821000000,,,2551000000,1.40,1.11
MRK,2023-06-30,Quarter,15035000000,4024000000,11011000000,16023000000,-5012000000,-323000000,0,-5335000000,637000000,3000000,0,0,-5972000000,0,-5975000000,,,2539000000,-2.06,-2.35
MRK,2023-09-30,Quarter,15962000000,4264000000,11698000000,5826000000,5872000000,-252000000,0,5620000000,870000000,5000000,0,0,4750000000,0,4745000000,,,2546000000,2.13,1.86
MRK,2023-12-31,Quarter,14631000000,3912000000,10719000000,12431000000,-1712000000,-334000000,0,-2046000000,-820000000,0,0,0,-1226000000,0,-1226000000,,,2533000000,0.03,-0.48
MRK,2024-03-31,Quarter,15775000000,3540000000,12235000000,6475000000,5760000000,-90000000,0,5670000000,903000000,5000000,0,0,4767000000,0,4762000000,,,2544000000,2.07,1.87
MRK,2024-06-30,Quarter,16112000000,3745000000,12367000000,6239000000,6128000000,-122000000,0,6006000000,545000000,6000000,0,0,5461000000,0,5455000000,,,2544000000,2.28,2.14
MRK,2024-09-30,Quarter,16657000000,4080000000,12577000000,8593000000,3984000000,106000000,0,4090000000,929000000,4000000,0,0,3161000000,0,3157000000,,,2541000000,1.57,1.24
MRK,2024-12-31,Quarter,15624000000,3828000000,11796000000,7447000000,4349000000,-179000000,0,4170000000,426000000,1000000,0,0,3744000000,0,3743000000,,,2537000000,1.72,1.49
MRK,2025-03-31,Quarter,15529000000,3419000000,12110000000,6173000000,5937000000,-34000000,0,5903000000,818000000,6000000,0,0,5085000000,0,5079000000,,,2531000000,2.22,2.01
MRK,2025-06-30,Quarter,15806000000,3557000000,12249000000,6697000000,5552000000,-553000000,0,4999000000,571000000,1000000,0,0,4428000000,0,4427000000,,,2513000000,2.13,1.76
MRK,2025-09-30,Quarter,17276000000,3855000000,13421000000,6867000000,6554000000,191000000,0,6745000000,958000000,2000000,0,0,5787000000,0,5785000000,,,2498000000,2.58,2.32
MS,2020-03-31,Quarter,9487000000,740000000,8747000000,6601000000,2146000000,0,0,2146000000,366000000,82000000,0,0,1780000000,0,1698000000,,,1573000000,0.99,1.01
MS,2020-06-30,Quarter,13414000000,716000000,12698000000,8343000000,4355000000,0,0,4355000000,1119000000,40000000,0,0,3236000000,0,3196000000,,,1557000000,2.04,1.96
MS,2020-09-30,Quarter,11657000000,697000000,10960000000,7473000000,3487000000,0,0,3487000000,736000000,34000000,0,0,2751000000,0,2717000000,,,1566000000,1.59,1.66
MS,2020-12-31,Quarter,13640000000,776000000,12864000000,8434000000,4430000000,0,0,4430000000,1018000000,27000000,0,0,3412000000,0,3385000000,,,1804420000,1.92,1.83
MS,2021-03-31,Quarter,15719000000,910000000,14809000000,9465000000,5344000000,0,0,5344000000,1176000000,48000000,0,0,4168000000,0,4120000000,,,1818000000,2.22,2.19
MS,2021-06-30,Quarter,14759000000,795000000,13964000000,9398000000,4566000000,0,0,4566000000,1054000000,1000000,0,0,3512000000,0,3511000000,,,1841000000,1.89,1.85
MS,2021-09-30,Quarter,14753000000,825000000,13928000000,9054000000,4874000000,0,0,4874000000,1150000000,17000000,0,0,3724000000,0,3707000000,,,1812000000,2.04,1.98
MS,2021-12-31,Quarter,14524000000,811000000,13713000000,8829000000,4884000000,0,0,4884000000,1168000000,20000000,0,0,3716000000,0,3696000000,,,1785000000,2.08,2.01
MS,2022-03-31,Quarter,14801000000,882000000,13919000000,9331000000,4588000000,0,0,4588000000,873000000,49000000,0,0,3715000000,0,3666000000,,,1755000000,2.06,2.02
MS,2022-06-30,Quarter,13132000000,878000000,12254000000,8935000000,3319000000,0,0,3319000000,783000000,41000000,0,0,2536000000,0,2495000000,,,1723000000,1.44,1.39
MS,2022-09-30,Quarter,12986000000,847000000,12139000000,8751000000,3388000000,0,0,3388000000,726000000,30000000,0,0,2662000000,0,2632000000,,,1697000000,1.53,1.47
MS,2022-12-31,Quarter,12749000000,851000000,11898000000,9104000000,2794000000,0,0,2794000000,528000000,30000000,0,0,2266000000,0,2236000000,,,1679000000,1.31,1.27
MS,2023-03-31,Quarter,14517000000,881000000,13636000000,9876000000,3760000000,0,0,3760000000,727000000,53000000,0,0,3033000000,0,2980000000,,,1663000000,1.70,1.70
MS,2023-06-30,Quarter,13457000000,875000000,12582000000,9770000000,2812000000,0,0,2812000000,591000000,39000000,0,0,2221000000,0,2182000000,,,1651000000,1.24,1.24
MS,2023-09-30,Quarter,13273000000,855000000,12418000000,9273000000,3145000000,0,0,3145000000,710000000,27000000,0,0,2435000000,0,2408000000,,,1643000000,1.38,1.38
MS,2023-12-31,Quarter,12896000000,865000000,12031000000,9935000000,2096000000,0,0,2096000000,555000000,24000000,0,0,1541000000,0,1517000000,,,1627000000,1.13,0.85
MS,2024-03-31,Quarter,15136000000,921000000,14215000000,9820000000,4395000000,0,0,4395000000,933000000,50000000,0,0,3462000000,0,3412000000,,,1616000000,2.02,2.02
MS,2024-06-30,Quarter,15019000000,995000000,14024000000,9950000000,4074000000,0,0,4074000000,957000000,41000000,0,0,3117000000,0,3076000000,,,1611000000,1.82,1.82
MS,2024-09-30,Quarter,15383000000,1044000000,14339000000,10118000000,4221000000,0,0,4221000000,995000000,38000000,0,0,3226000000,0,3188000000,,,1609000000,1.88,1.88
MS,2024-12-31,Quarter,16223000000,1180000000,15043000000,10137000000,4906000000,0,0,4906000000,1182000000,10000000,0,0,3724000000,0,3714000000,,,1608000000,2.22,2.23
MS,2025-03-31,Quarter,17739000000,1222000000,16517000000,10973000000,5544000000,0,0,5544000000,1173000000,56000000,0,0,4371000000,0,4315000000,,,1600000000,2.60,2.60
MS,2025-06-30,Quarter,16792000000,1188000000,15604000000,10982000000,4622000000,0,0,4622000000,1047000000,36000000,0,0,3575000000,0,3539000000,,,1593000000,2.13,2.13
MS,2025-09-30,Quarter,18224000000,1141000000,17083000000,11055000000,6028000000,0,0,6028000000,1373000000,45000000,0,0,4655000000,0,4610000000,,,1590000000,2.80,2.80
MSFT,2020-03-31,Quarter,35021000000,10975000000,24046000000,11071000000,12975000000,482000000,614000000,12843000000,2091000000,0,0,0,10752000000,0,10752000000,,,7675000000,1.40,1.40
MSFT,2020-06-30,Quarter,38033000000,12339000000,25694000000,12287000000,13407000000,701000000,686000000,13422000000,2220000000,0,0,0,11202000000,0,11202000000,,,7650000000,1.46,1.47
MSFT,2020-09-30,Quarter,37154000000,11002000000,26152000000,10276000000,15876000000,837000000,589000000,16124000000,2231000000,0,0,0,13893000000,0,13893000000,,,7637000000,1.82,1.82
MSFT,2020-12-31,Quarter,43076000000,14194000000,28882000000,10985000000,17897000000,1011000000,571000000,18337000000,2874000000,0,0,0,15463000000,0,15463000000,,,7616000000,2.03,2.03
MSFT,2021-03-31,Quarter,41706000000,13045000000,28661000000,11613000000,17048000000,821000000,633000000,17236000000,1779000000,0,0,0,15457000000,0,15457000000,,,7597000000,1.95,2.03
MSFT,2021-06-30,Quarter,46152000000,13991000000,32161000000,13066000000,19095000000,863000000,553000000,19405000000,2947000000,0,0,0,16458000000,0,16458000000,,,7581000000,2.17,2.17
MSFT,2021-09-30,Quarter,45317000000,13646000000,31671000000,11433000000,20238000000,286000000,0,20524000000,19000000,0,0,0,20505000000,0,20505000000,,,7567000000,2.27,2.71
MSFT,2021-12-31,Quarter,51728000000,16960000000,34768000000,12521000000,22247000000,793000000,525000000,22515000000,3750000000,0,0,0,18765000000,0,18765000000,,,7555000000,2.48,2.48
MSFT,2022-03-31,Quarter,49360000000,15615000000,33745000000,13381000000,20364000000,329000000,503000000,20190000000,3462000000,0,0,0,16728000000,0,16728000000,,,7534000000,2.22,2.22
MSFT,2022-06-30,Quarter,51865000000,16429000000,35436000000,14902000000,20534000000,-1019000000,-1567000000,20487000000,3747000000,0,0,0,16740000000,0,16740000000,,,7506000000,2.23,2.24
MSFT,2022-09-30,Quarter,50122000000,15452000000,34670000000,13152000000,21518000000,554000000,500000000,21572000000,4016000000,0,0,0,17556000000,0,17556000000,,,7485000000,2.35,2.35
MSFT,2022-12-31,Quarter,52747000000,17488000000,35259000000,14860000000,20399000000,430000000,490000000,20339000000,3914000000,0,0,0,16425000000,0,16425000000,,,7473000000,2.32,2.20
MSFT,2023-03-31,Quarter,52857000000,16128000000,36729000000,14377000000,22352000000,817000000,496000000,22673000000,4374000000,0,0,0,18299000000,0,18299000000,,,7464000000,2.45,2.45
MSFT,2023-06-30,Quarter,56189000000,16795000000,39394000000,15140000000,24254000000,473000000,-1486000000,24727000000,4646000000,0,0,0,20081000000,0,20081000000,,,7467000000,2.69,2.69
MSFT,2023-09-30,Quarter,56517000000,16302000000,40215000000,13320000000,26895000000,914000000,525000000,27284000000,4993000000,0,0,0,22291000000,0,22291000000,,,7462000000,2.99,2.99
MSFT,2023-12-31,Quarter,62020000000,19623000000,42397000000,15365000000,27032000000,403000000,909000000,26526000000,4656000000,0,0,0,21870000000,0,21870000000,,,7468000000,2.93,2.93
MSFT,2024-03-31,Quarter,61858000000,18505000000,43353000000,15772000000,27581000000,-54000000,800000000,26727000000,4788000000,0,0,0,21939000000,0,21939000000,,,7472000000,2.94,2.94
MSFT,2024-06-30,Quarter,64727000000,19684000000,45043000000,17118000000,27925000000,-2972000000,-2234000000,27250000000,5214000000,0,0,0,22036000000,0,22036000000,,,7472000000,2.95,2.94
MSFT,2024-09-30,Quarter,65585000000,20099000000,45486000000,14934000000,30552000000,299000000,582000000,30269000000,5602000000,0,0,0,24667000000,0,24667000000,,,7470000000,3.30,3.30
MSFT,2024-12-31,Quarter,69632000000,21799000000,47833000000,16180000000,31653000000,-1694000000,594000000,29365000000,5257000000,0,0,0,24108000000,0,24108000000,,,7468000000,3.23,3.23
MSFT,2025-03-31,Quarter,70066000000,21919000000,48147000000,16147000000,32000000000,-29000000,594000000,31377000000,5553000000,0,0,0,25824000000,0,25824000000,,,7461000000,3.46,3.46
MSFT,2025-06-30,Quarter,76441000000,24014000000,52427000000,18104000000,34323000000,-3763000000,-1770000000,32616000000,5383000000,0,0,0,27233000000,0,27233000000,,,7461000000,3.65,3.65
MSFT,2025-09-30,Quarter,77673000000,24043000000,53630000000,15669000000,37961000000,-3660000000,0,34301000000,6554000000,0,0,0,27747000000,0,27747000000,,,7466000000,4.13,3.72
NEE,2020-03-31,Quarter,4613000000,1651000000,2962000000,981000000,1981000000,-597000000,1311000000,73000000,-235000000,-113000000,0,0,308000000,0,421000000,,,1968000000,0.60,0.22
NEE,2020-06-30,Quarter,4204000000,1635000000,2569000000,1383000000,1186000000,448000000,320000000,1314000000,185000000,-146000000,0,0,1129000000,0,1275000000,,,1968000000,0.65,0.65
NEE,2020-09-30,Quarter,4785000000,2033000000,2752000000,1744000000,1008000000,452000000,208000000,1252000000,129000000,-106000000,0,0,1123000000,0,1229000000,,,1968000000,0.67,0.63
NEE,2020-12-31,Quarter,4395000000,1971000000,2424000000,1483000000,941000000,-1056000000,111000000,-226000000,-35000000,-185000000,0,0,-191000000,0,-6000000,,,1972000000,0.40,-0.01
NEE,2021-03-31,Quarter,3726000000,1895000000,1831000000,1162000000,669000000,658000000,-421000000,1748000000,250000000,-168000000,0,0,1498000000,0,1666000000,,,1973000000,0.67,0.84
NEE,2021-06-30,Quarter,3927000000,1969000000,1958000000,1448000000,510000000,179000000,757000000,-68000000,-140000000,-184000000,0,0,72000000,0,256000000,,,1970000000,0.71,0.13
NEE,2021-09-30,Quarter,4370000000,2293000000,2077000000,1698000000,379000000,233000000,335000000,277000000,-27000000,-143000000,0,0,304000000,0,447000000,,,1973000000,0.75,0.23
NEE,2021-12-31,Quarter,5046000000,2323000000,2723000000,1368000000,1355000000,495000000,599000000,1218000000,265000000,-251000000,0,0,953000000,0,1204000000,,,1975000000,0.41,0.61
NEE,2022-03-31,Quarter,2890000000,2325000000,565000000,1340000000,-775000000,-419000000,-142000000,-1052000000,-359000000,-242000000,0,0,-693000000,0,-451000000,,,1974000000,0.74,-0.23
NEE,2022-06-30,Quarter,5183000000,2566000000,2617000000,1669000000,948000000,242000000,-217000000,1407000000,294000000,-267000000,0,0,1113000000,0,1380000000,,,1973000000,0.81,0.70
NEE,2022-09-30,Quarter,6719000000,3158000000,3561000000,1699000000,1862000000,279000000,259000000,1882000000,323000000,-137000000,0,0,1559000000,0,1696000000,,,1979000000,0.85,0.86
NEE,2022-12-31,Quarter,6164000000,2768000000,3396000000,1351000000,2045000000,236000000,685000000,1596000000,329000000,-255000000,0,0,1267000000,0,1522000000,,,1993000000,0.51,0.76
NEE,2023-03-31,Quarter,6716000000,2434000000,4282000000,1340000000,2942000000,412000000,1183000000,2171000000,386000000,-301000000,0,0,1785000000,0,2086000000,,,2005000000,0.84,1.04
NEE,2023-06-30,Quarter,7349000000,2486000000,4863000000,2064000000,2799000000,397000000,135000000,3061000000,497000000,-231000000,0,0,2564000000,0,2795000000,,,2027000000,0.88,1.38
NEE,2023-09-30,Quarter,7172000000,2750000000,4422000000,2586000000,1836000000,-837000000,26000000,973000000,-46000000,-200000000,0,0,1019000000,0,1219000000,,,2036000000,0.94,0.60
NEE,2023-12-31,Quarter,6877000000,2468000000,4409000000,1749000000,2660000000,403000000,1980000000,1083000000,169000000,-296000000,0,0,914000000,0,1210000000,,,2054000000,0.52,0.58
NEE,2024-03-31,Quarter,5731000000,2329000000,3402000000,1389000000,2013000000,474000000,323000000,2164000000,227000000,-331000000,0,0,1937000000,0,2268000000,,,2055000000,0.91,1.10
NEE,2024-06-30,Quarter,6069000000,2451000000,3618000000,1948000000,1670000000,382000000,820000000,1232000000,-64000000,-326000000,0,0,1296000000,0,1622000000,,,2058000000,0.96,0.79
NEE,2024-09-30,Quarter,7567000000,2698000000,4869000000,2013000000,2856000000,557000000,1817000000,1596000000,5000000,-261000000,0,0,1591000000,0,1852000000,,,2061000000,1.03,0.90
NEE,2024-12-31,Quarter,5386000000,2408000000,2978000000,2038000000,940000000,-620000000,-725000000,1045000000,171000000,-330000000,0,0,874000000,0,1204000000,,,2062000000,0.53,0.58
NEE,2025-03-31,Quarter,6247000000,2338000000,3909000000,1653000000,2256000000,-539000000,1774000000,-57000000,-521000000,-369000000,0,0,464000000,0,833000000,,,2082500000,0.99,0.40
NEE,2025-06-30,Quarter,6700000000,2404000000,4296000000,2385000000,1911000000,532000000,1060000000,1383000000,-256000000,-389000000,0,0,1639000000,0,2028000000,,,2061000000,1.05,0.98
NEE,2025-09-30,Quarter,7966000000,2833000000,5133000000,2606000000,2527000000,511000000,1153000000,1885000000,-250000000,-303000000,0,0,2135000000,0,2438000000,,,2071000000,1.13,1.18
NFLX,2020-03-31,Quarter,5767690000,3599700000,2167990000,1209740000,958250000,21700000,184080000,795870000,86800000,0,0,0,709070000,0,709070000,,,452490000,1.57,1.57
NFLX,2020-06-30,Quarter,6148290000,3643710000,2504580000,1146660000,1357920000,-133180000,189150000,1035600000,315410000,0,0,0,720200000,0,720200000,,,453950000,1.59,1.59
NFLX,2020-09-30,Quarter,6435640000,3867750000,2567890000,1253020000,1314870000,-256320000,197080000,861460000,71480000,0,0,0,789980000,0,789980000,,,455090000,1.74,1.74
NFLX,2020-12-31,Quarter,6644440000,4165160000,2479280000,1525040000,954240000,-250640000,197190000,506420000,-35740000,0,0,0,542160000,0,542160000,,,455280000,1.19,1.18
NFLX,2021-03-31,Quarter,7163280000,3868510000,3294770000,1334920000,1959850000,269090000,194440000,2034500000,327790000,0,0,0,1706720000,0,1706720000,,,455640000,3.75,3.75
NFLX,2021-06-30,Quarter,7341780000,4018010000,3323770000,1476140000,1847630000,-62520000,191320000,1593790000,240780000,0,0,0,1353010000,0,1353010000,,,455130000,2.97,2.97
NFLX,2021-09-30,Quarter,7483470000,4206590000,3276880000,1521630000,1755250000,96140000,190430000,1660960000,211890000,0,0,0,1449070000,0,1449070000,,,454930000,3.19,3.19
NFLX,2021-12-31,Quarter,7709320000,5239580000,2469740000,1837970000,631770000,108510000,189430000,550850000,-56580000,0,0,0,607430000,0,607430000,,,455800000,1.33,1.33
NFLX,2022-03-31,Quarter,7867770000,4284710000,3583060000,1611440000,1971620000,195650000,187580000,1979690000,382250000,0,0,0,1597450000,0,1597450000,,,452980000,3.53,3.53
NFLX,2022-06-30,Quarter,7970140000,4690760000,3279390000,1701110000,1578280000,220230000,175460000,1623050000,182100000,0,0,0,1440950000,0,1440950000,,,450170000,3.20,3.20
NFLX,2022-09-30,Quarter,7925590000,4788670000,3136920000,1603910000,1533010000,261400000,172580000,1621850000,223610000,0,0,0,1398240000,0,1398240000,,,450340000,3.10,3.10
NFLX,2022-12-31,Quarter,7852050000,5404160000,2447890000,1897990000,549900000,-339970000,170600000,39340000,-15950000,0,0,0,55280000,0,55280000,,,451650000,0.12,0.12
NFLX,2023-03-31,Quarter,8161500000,4803630000,3357880000,1643570000,1714310000,-71200000,174240000,1468870000,163750000,0,0,0,1305120000,0,1305120000,,,452420000,2.88,2.88
NFLX,2023-06-30,Quarter,8187300000,4673470000,3513830000,1686650000,1827180000,26960000,174810000,1679330000,191720000,0,0,0,1487610000,0,1487610000,,,451570000,3.29,3.29
NFLX,2023-09-30,Quarter,8541670000,4930790000,3610880000,1694490000,1916390000,168220000,175560000,1909050000,231630000,0,0,0,1677420000,0,1677420000,,,450010000,3.73,3.73
NFLX,2023-12-31,Quarter,8832830000,5307480000,3525340000,2029230000,1496110000,-172750000,175210000,1148150000,210310000,0,0,0,937840000,0,937840000,,,444290000,2.11,2.13
NFLX,2024-03-31,Quarter,9370440000,4977070000,4393370000,1760830000,2632540000,155360000,173310000,2614580000,282370000,0,0,0,2332210000,0,2332210000,,,441650000,5.28,5.28
NFLX,2024-06-30,Quarter,9559310000,5174140000,4385170000,1782330000,2602840000,79010000,167990000,2513860000,366550000,0,0,0,2147310000,0,2147310000,,,439740000,4.88,4.88
NFLX,2024-09-30,Quarter,9824700000,5119880000,4704820000,1795340000,2909480000,-21690000,184830000,2702950000,339450000,0,0,0,2363510000,0,2363510000,,,437900000,5.40,5.40
NFLX,2024-12-31,Quarter,10246510000,5767360000,4479150000,2206380000,2272770000,54110000,192600000,2134270000,265660000,0,0,0,1868610000,0,1868610000,,,437790000,4.27,4.27
NFLX,2025-03-31,Quarter,10542800000,5263150000,5279650000,1932650000,3347000000,50900000,184170000,3213730000,323380000,0,0,0,2890350000,0,2890350000,,,436960000,6.61,6.61
NFLX,2025-06-30,Quarter,11079170000,5325310000,5753860000,1979160000,3774700000,39630000,182650000,3631680000,506260000,0,0,0,3125410000,0,3125410000,,,434880000,7.19,7.19
NFLX,2025-09-30,Quarter,11510310000,6164250000,5346060000,2097810000,3248250000,36460000,175290000,3109410000,562490000,0,0,0,2546920000,0,2546920000,,,434040000,5.87,5.87
NKE,2020-02-29,Quarter,10104000000,5631000000,4473000000,3283000000,1190000000,-297000000,12000000,881000000,34000000,0,0,0,847000000,0,847000000,,,1591600000,0.78,0.53
NKE,2020-05-31,Quarter,6313000000,3960000000,2353000000,3191000000,-838000000,84000000,50000000,-804000000,-14000000,0,0,0,-790000000,0,-790000000,,,1555700000,-0.51,-0.49
NKE,2020-08-31,Quarter,10594000000,5853000000,4741000000,2975000000,1766000000,14000000,65000000,1715000000,197000000,0,0,0,1518000000,0,1518000000,,,1593300000,0.95,0.95
NKE,2020-11-30,Quarter,11243000000,6396000000,4847000000,3267000000,1580000000,-54000000,70000000,1456000000,205000000,0,0,0,1251000000,0,1251000000,,,1609500000,0.78,0.78
NKE,2021-02-28,Quarter,10357000000,5638000000,4719000000,3041000000,1678000000,22000000,64000000,1636000000,187000000,0,0,0,1449000000,0,1449000000,,,1616900000,0.90,0.90
NKE,2021-05-31,Quarter,12344000000,6689000000,5655000000,3742000000,1913000000,4000000,63000000,1854000000,345000000,0,0,0,1509000000,0,1509000000,,,1614900000,0.93,0.93
NKE,2021-08-31,Quarter,12248000000,6552000000,5696000000,3572000000,2124000000,39000000,57000000,2106000000,232000000,0,0,0,1874000000,0,1874000000,,,1619600000,1.16,1.16
NKE,2021-11-30,Quarter,11357000000,6144000000,5213000000,3759000000,1454000000,102000000,55000000,1501000000,164000000,0,0,0,1337000000,0,1337000000,,,1617400000,0.83,0.83
NKE,2022-02-28,Quarter,10871000000,5804000000,5067000000,3438000000,1629000000,94000000,53000000,1670000000,274000000,0,0,0,1396000000,0,1396000000,,,1610700000,0.87,0.87
NKE,2022-05-31,Quarter,12234000000,6731000000,5503000000,4035000000,1468000000,-54000000,40000000,1374000000,-65000000,0,0,0,1439000000,0,1439000000,,,1595000000,0.90,0.89
NKE,2022-08-31,Quarter,12687000000,7072000000,5615000000,3920000000,1695000000,133000000,0,1828000000,360000000,0,0,0,1468000000,0,1468000000,,,1585800000,0.93,0.93
NKE,2022-11-30,Quarter,13315000000,7604000000,5711000000,4124000000,1587000000,79000000,16000000,1650000000,319000000,0,0,0,1331000000,0,1331000000,,,1572400000,0.85,0.85
NKE,2023-02-28,Quarter,12390000000,7019000000,5371000000,3959000000,1412000000,58000000,-7000000,1477000000,237000000,0,0,0,1240000000,0,1240000000,,,1564800000,0.79,0.79
NKE,2023-05-31,Quarter,12825000000,7230000000,5595000000,4374000000,1221000000,-3000000,-15000000,1246000000,215000000,0,0,0,1031000000,0,1031000000,,,1556300000,0.66,0.66
NKE,2023-08-31,Quarter,12939000000,7219000000,5720000000,4116000000,1604000000,44000000,0,1648000000,198000000,0,0,0,1450000000,0,1450000000,,,1543300000,0.94,0.94
NKE,2023-11-30,Quarter,13388000000,7417000000,5971000000,4146000000,1825000000,97000000,0,1922000000,344000000,0,0,0,1578000000,0,1578000000,,,1532100000,1.03,1.03
NKE,2024-02-29,Quarter,12429000000,6867000000,5562000000,4226000000,1336000000,68000000,0,1404000000,232000000,0,0,0,1172000000,0,1172000000,,,1526500000,0.98,0.77
NKE,2024-05-31,Quarter,12606000000,6972000000,5634000000,4088000000,1546000000,127000000,-161000000,1726000000,226000000,0,0,0,1500000000,0,1500000000,,,1516700000,1.01,0.99
NKE,2024-08-31,Quarter,11589000000,6332000000,5257000000,4048000000,1209000000,98000000,0,1307000000,256000000,0,0,0,1051000000,0,1051000000,,,1502000000,0.70,0.70
NKE,2024-11-30,Quarter,12354000000,6965000000,5389000000,4005000000,1384000000,32000000,-24000000,1416000000,253000000,0,0,0,1163000000,0,1163000000,,,1490000000,0.78,0.78
NKE,2025-02-28,Quarter,11269000000,6594000000,4675000000,3887000000,788000000,56000000,0,844000000,50000000,0,0,0,794000000,0,794000000,,,1480600000,0.54,0.54
NKE,2025-05-31,Quarter,11097000000,6628000000,4469000000,4148000000,321000000,-25000000,-83000000,318000000,107000000,0,0,0,211000000,0,211000000,,,1477700000,0.14,0.14
NKE,2025-08-31,Quarter,11720000000,6777000000,4943000000,4016000000,927000000,-23000000,-18000000,922000000,195000000,0,0,0,727000000,0,727000000,,,1479000000,0.49,0.49
NOC,2020-03-31,Quarter,8620000000,6898000000,1722000000,788000000,934000000,244000000,125000000,1053000000,185000000,0,0,0,868000000,0,868000000,,,168400000,5.15,5.15
NOC,2020-06-30,Quarter,8884000000,7058000000,1826000000,832000000,994000000,363000000,154000000,1203000000,198000000,0,0,0,1005000000,0,1005000000,,,167300000,6.01,6.01
NOC,2020-09-30,Quarter,9083000000,7243000000,1840000000,855000000,985000000,336000000,154000000,1167000000,181000000,0,0,0,986000000,0,986000000,,,167300000,5.89,5.89
NOC,2020-12-31,Quarter,10212000000,8122000000,2090000000,938000000,1152000000,-687000000,160000000,305000000,-25000000,0,0,0,330000000,0,330000000,,,167400000,6.59,1.98
NOC,2021-03-31,Quarter,9157000000,7417000000,1740000000,-1082000000,2822000000,349000000,155000000,3016000000,821000000,0,0,0,2195000000,0,2195000000,,,163500000,6.57,13.43
NOC,2021-06-30,Quarter,9151000000,7108000000,2043000000,999000000,1044000000,394000000,136000000,1302000000,265000000,0,0,0,1037000000,0,1037000000,,,161500000,6.42,6.42
NOC,2021-09-30,Quarter,8720000000,6786000000,1934000000,891000000,1043000000,364000000,132000000,1275000000,212000000,0,0,0,1063000000,0,1063000000,,,160400000,6.63,6.63
NOC,2021-12-31,Quarter,8639000000,7088000000,1551000000,809000000,742000000,2736000000,133000000,3345000000,635000000,0,0,0,2710000000,0,2710000000,,,158100000,6.00,17.06
NOC,2022-03-31,Quarter,8797000000,6924000000,1873000000,976000000,897000000,380000000,133000000,1144000000,189000000,0,0,0,955000000,0,955000000,,,156600000,6.10,6.10
NOC,2022-06-30,Quarter,8801000000,6842000000,1959000000,1005000000,954000000,327000000,131000000,1150000000,204000000,0,0,0,946000000,0,946000000,,,156000000,6.06,6.06
NOC,2022-09-30,Quarter,8971000000,7153000000,1818000000,974000000,844000000,368000000,122000000,1090000000,175000000,0,0,0,915000000,0,915000000,,,155300000,5.89,5.89
NOC,2022-12-31,Quarter,10033000000,8209000000,1824000000,918000000,906000000,1666000000,120000000,2452000000,372000000,0,0,0,2080000000,0,2080000000,,,154500000,7.50,13.42
NOC,2023-03-31,Quarter,9301000000,7316000000,1985000000,1038000000,947000000,180000000,129000000,998000000,156000000,0,0,0,842000000,0,842000000,,,153200000,5.50,5.50
NOC,2023-06-30,Quarter,9576000000,7536000000,2040000000,1073000000,967000000,167000000,147000000,987000000,175000000,0,0,0,812000000,0,812000000,,,152200000,5.34,5.34
NOC,2023-09-30,Quarter,9775000000,7734000000,2041000000,1025000000,1016000000,243000000,141000000,1118000000,181000000,0,0,0,937000000,0,937000000,,,151700000,6.18,6.18
NOC,2023-12-31,Quarter,10638000000,10153000000,485000000,878000000,-393000000,-236000000,128000000,-757000000,-222000000,0,0,0,-535000000,0,-535000000,,,151100000,6.27,-3.49
NOC,2024-03-31,Quarter,10133000000,8000000000,2133000000,1062000000,1071000000,206000000,146000000,1131000000,187000000,0,0,0,944000000,0,944000000,,,149300000,6.32,6.32
NOC,2024-06-30,Quarter,10218000000,8027000000,2191000000,1101000000,1090000000,210000000,154000000,1146000000,206000000,0,0,0,940000000,0,940000000,,,147700000,6.36,6.36
NOC,2024-09-30,Quarter,9996000000,7890000000,2106000000,986000000,1120000000,229000000,161000000,1188000000,162000000,0,0,0,1026000000,0,1026000000,,,146500000,7.00,7.00
NOC,2024-12-31,Quarter,10686000000,8754000000,1932000000,843000000,1089000000,622000000,160000000,1551000000,287000000,0,0,0,1264000000,0,1264000000,,,145900000,6.39,8.66
NOC,2025-03-31,Quarter,9468000000,7888000000,1580000000,1007000000,573000000,161000000,156000000,578000000,97000000,0,0,0,481000000,0,481000000,,,144900000,6.06,3.32
NOC,2025-06-30,Quarter,10351000000,8141000000,2210000000,785000000,1425000000,175000000,173000000,1427000000,253000000,0,0,0,1174000000,0,1174000000,,,144000000,7.11,8.15
NOC,2025-09-30,Quarter,10423000000,8196000000,2227000000,985000000,1242000000,242000000,161000000,1323000000,223000000,0,0,0,1100000000,0,1100000000,,,143500000,7.67,7.67
NOW,2020-03-31,Quarter,1046340000,223370000,822970000,773640000,49330000,7600000,8570000,48360000,130000,0,0,0,48230000,0,48230000,,,199940000,0.31,0.24
NOW,2020-06-30,Quarter,1070840000,232940000,837900000,775640000,62260000,8250000,8490000,62030000,21260000,0,0,0,40770000,0,40770000,,,201450000,0.32,0.20
NOW,2020-09-30,Quarter,1151970000,251700000,900270000,830930000,69340000,-35920000,7980000,25430000,12580000,0,0,0,12860000,0,12860000,,,201860000,0.30,0.06
NOW,2020-12-31,Quarter,1250330000,279100000,971230000,953300000,17930000,3140000,7710000,13360000,-3290000,0,0,0,16650000,0,16650000,,,202460000,0.16,0.09
NOW,2021-03-31,Quarter,1360000000,299000000,1061000000,964000000,97000000,9000000,7000000,99000000,17000000,0,0,0,82000000,0,82000000,,,202000000,0.50,0.41
NOW,2021-06-30,Quarter,1409000000,329000000,1080000000,1029000000,51000000,6000000,7000000,50000000,-9000000,0,0,0,59000000,0,59000000,,,202000000,0.38,0.29
NOW,2021-09-30,Quarter,1512000000,350000000,1162000000,1088000000,74000000,1000000,7000000,68000000,5000000,0,0,0,63000000,0,63000000,,,203000000,0.42,0.31
NOW,2021-12-31,Quarter,1615000000,375000000,1240000000,1205000000,35000000,4000000,7000000,32000000,6000000,0,0,0,26000000,0,26000000,,,204000000,0.29,0.12
NOW,2022-03-31,Quarter,1722000000,369000000,1353000000,1266000000,87000000,4000000,6000000,85000000,10000000,0,0,0,75000000,0,75000000,,,203000000,0.47,0.37
NOW,2022-06-30,Quarter,1752000000,389000000,1363000000,1341000000,22000000,13000000,6000000,29000000,9000000,0,0,0,20000000,0,20000000,,,203000000,0.20,0.10
NOW,2022-09-30,Quarter,1831000000,400000000,1431000000,1340000000,91000000,19000000,8000000,102000000,22000000,0,0,0,80000000,0,80000000,,,203000000,0.50,0.39
NOW,2022-12-31,Quarter,1940000000,415000000,1525000000,1370000000,155000000,35000000,7000000,183000000,33000000,0,0,0,150000000,0,150000000,,,203000000,0.88,0.74
NOW,2023-03-31,Quarter,2096000000,438000000,1658000000,1514000000,144000000,44000000,0,188000000,38000000,0,0,0,150000000,0,150000000,,,204000000,0.84,0.73
NOW,2023-06-30,Quarter,2150000000,471000000,1679000000,1562000000,117000000,57000000,0,174000000,-870000000,0,0,0,1044000000,0,1044000000,,,205000000,0.77,5.08
NOW,2023-09-30,Quarter,2288000000,496000000,1792000000,1561000000,231000000,68000000,0,299000000,57000000,0,0,0,242000000,0,242000000,,,206000000,1.21,1.17
NOW,2023-12-31,Quarter,2437000000,516000000,1921000000,1651000000,270000000,77000000,0,347000000,52000000,0,0,0,295000000,0,295000000,,,207000000,1.12,1.44
NOW,2024-03-31,Quarter,2603000000,520000000,2083000000,1751000000,332000000,93000000,0,425000000,78000000,0,0,0,347000000,0,347000000,,,208000000,1.82,1.67
NOW,2024-06-30,Quarter,2627000000,552000000,2075000000,1835000000,240000000,94000000,0,334000000,72000000,0,0,0,262000000,0,262000000,,,208000000,1.40,1.26
NOW,2024-09-30,Quarter,2797000000,584000000,2213000000,1795000000,418000000,98000000,0,516000000,84000000,0,0,0,432000000,0,432000000,,,209000000,2.17,2.07
NOW,2024-12-31,Quarter,2957000000,631000000,2326000000,1952000000,374000000,89000000,0,463000000,79000000,0,0,0,384000000,0,384000000,,,209000000,1.93,1.84
NOW,2025-03-31,Quarter,3088000000,651000000,2437000000,1986000000,451000000,104000000,0,555000000,95000000,0,0,0,460000000,0,460000000,,,209000000,2.31,2.20
NOW,2025-06-30,Quarter,3215000000,724000000,2491000000,2133000000,358000000,113000000,0,471000000,86000000,0,0,0,385000000,0,385000000,,,209000000,2.20,1.84
NOW,2025-09-30,Quarter,3407000000,774000000,2633000000,2061000000,572000000,122000000,0,694000000,192000000,0,0,0,502000000,0,502000000,,,210000000,2.94,2.40
NVDA,2020-01-31,Quarter,3105000000,1090000000,2015000000,1025000000,990000000,39000000,13000000,1016000000,65000000,0,0,0,951000000,0,951000000,,,621000000,1.54,1.53
NVDA,2020-04-30,Quarter,3080000000,1076000000,2004000000,1028000000,976000000,30000000,25000000,981000000,64000000,0,0,0,917000000,0,917000000,,,622000000,1.48,1.47
NVDA,2020-07-31,Quarter,3866000000,1591000000,2275000000,1624000000,651000000,12000000,54000000,609000000,-13000000,0,0,0,622000000,0,622000000,,,626000000,1.67,0.99
NVDA,2020-10-31,Quarter,4726000000,1766000000,2960000000,1562000000,1398000000,3000000,53000000,1348000000,12000000,0,0,0,1336000000,0,1336000000,,,2520000000,0.60,0.53
NVDA,2021-01-31,Quarter,5003000000,1846000000,3157000000,1650000000,1507000000,16000000,52000000,1471000000,14000000,0,0,0,1457000000,0,1457000000,,,2524000000,0.65,0.58
NVDA,2021-04-30,Quarter,5661000000,2032000000,3629000000,1673000000,1956000000,141000000,53000000,2044000000,132000000,0,0,0,1912000000,0,1912000000,,,2528000000,0.78,0.76
NVDA,2021-07-31,Quarter,6507000000,2292000000,4215000000,1771000000,2444000000,10000000,60000000,2394000000,20000000,0,0,0,2374000000,0,2374000000,,,2532000000,0.89,0.94
NVDA,2021-10-31,Quarter,7103000000,2472000000,4631000000,1960000000,2671000000,29000000,62000000,2638000000,174000000,0,0,0,2464000000,0,2464000000,,,2538000000,1.01,0.97
NVDA,2022-01-31,Quarter,7643000000,2643000000,5000000000,2030000000,2970000000,-44000000,61000000,2865000000,-137000000,0,0,0,3002000000,0,3002000000,,,2545000000,1.14,1.18
NVDA,2022-04-30,Quarter,8288000000,2857000000,5431000000,3563000000,1868000000,5000000,68000000,1805000000,187000000,0,0,0,1618000000,0,1618000000,,,2537000000,1.18,0.64
NVDA,2022-07-31,Quarter,6704000000,3789000000,2915000000,2416000000,499000000,41000000,65000000,475000000,-181000000,0,0,0,656000000,0,656000000,,,2516000000,0.32,0.26
NVDA,2022-10-31,Quarter,5931000000,2754000000,3177000000,2576000000,601000000,77000000,65000000,613000000,-67000000,0,0,0,680000000,0,680000000,,,2499000000,0.34,0.27
NVDA,2023-01-31,Quarter,6051000000,2218000000,3833000000,2577000000,1256000000,96000000,64000000,1288000000,-126000000,0,0,0,1414000000,0,1414000000,,,2477000000,0.65,0.57
NVDA,2023-04-30,Quarter,7192000000,2544000000,4648000000,2508000000,2140000000,135000000,66000000,2209000000,166000000,0,0,0,2043000000,0,2043000000,,,2490000000,0.88,0.82
NVDA,2023-07-31,Quarter,13507000000,4045000000,9462000000,2662000000,6800000000,246000000,65000000,6981000000,793000000,0,0,0,6188000000,0,6188000000,,,2499000000,2.50,2.48
NVDA,2023-10-31,Quarter,18120000000,4720000000,13400000000,2983000000,10417000000,168000000,63000000,10522000000,1279000000,0,0,0,9243000000,0,9243000000,,,2494000000,3.77,3.71
NVDA,2024-01-31,Quarter,22103000000,5312000000,16791000000,3176000000,13615000000,554000000,63000000,14106000000,1820000000,0,0,0,12286000000,0,12286000000,,,2490000000,4.91,4.92
NVDA,2024-04-30,Quarter,26044000000,5638000000,20406000000,3497000000,16909000000,434000000,64000000,17279000000,2398000000,0,0,0,14881000000,0,14881000000,,,24890000000,0.58,0.60
NVDA,2024-07-31,Quarter,30040000000,7466000000,22574000000,3932000000,18642000000,633000000,61000000,19214000000,2615000000,0,0,0,16599000000,0,16599000000,,,24848000000,0.65,0.67
NVDA,2024-10-31,Quarter,35082000000,8926000000,26156000000,4287000000,21869000000,508000000,61000000,22316000000,3007000000,0,0,0,19309000000,0,19309000000,,,24774000000,0.78,0.78
NVDA,2025-01-31,Quarter,39331000000,10609000000,28722000000,4689000000,24033000000,1245000000,61000000,25217000000,3126000000,0,0,0,22091000000,0,22091000000,,,24706000000,0.85,0.89
NVDA,2025-04-30,Quarter,44062000000,17394000000,26668000000,5030000000,21638000000,335000000,63000000,21910000000,3135000000,0,0,0,18775000000,0,18775000000,,,24611000000,0.77,0.76
NVDA,2025-07-31,Quarter,46743000000,12890000000,33853000000,5413000000,28440000000,2828000000,62000000,31206000000,4784000000,0,0,0,26422000000,0,26422000000,,,24532000000,0.99,1.08
NVDA,2025-10-31,Quarter,57006000000,15157000000,41849000000,5839000000,36010000000,1987000000,61000000,37936000000,6026000000,0,0,0,31910000000,0,31910000000,,,24483000000,1.24,1.30
O,2020-03-31,Quarter,414340000,25610000,388740000,275780000,112960000,36940000,0,149910000,2760000,320000,0,0,147140000,0,146830000,,,337440000,0.44,0.44
O,2020-06-30,Quarter,414640000,26450000,388180000,279100000,109080000,1830000,0,110910000,2840000,250000,0,0,108070000,0,107820000,,,344150000,0.31,0.31
O,2020-09-30,Quarter,404570000,25410000,379160000,367500000,11660000,16070000,0,27740000,4590000,240000,0,0,23140000,0,22900000,,,347210000,0.07,0.07
O,2020-12-31,Quarter,418080000,27130000,390940000,294270000,96670000,25980000,0,122650000,4500000,220000,0,0,118150000,0,117930000,,,355050000,0.33,0.32
O,2021-03-31,Quarter,442800000,28500000,414310000,321050000,93260000,9210000,0,102460000,6230000,300000,0,0,96240000,0,95940000,,,371600000,0.26,0.26
O,2021-06-30,Quarter,464280000,31730000,432550000,313860000,118690000,15300000,0,133990000,9230000,290000,0,0,124770000,0,124480000,,,374800000,0.33,0.33
O,2021-09-30,Quarter,491880000,29660000,462210000,330580000,131630000,9720000,0,141360000,6080000,280000,0,0,135280000,0,135000000,,,392510000,0.34,0.34
O,2021-12-31,Quarter,681500000,43710000,637790000,656540000,-18750000,32230000,0,14600000,10130000,430000,0,0,4470000,0,4040000,,,519440000,0.01,-0.06
O,2022-03-31,Quarter,807340000,52340000,755000000,556420000,198580000,12370000,0,210950000,10980000,600000,0,0,199970000,0,199370000,,,595100000,0.34,0.34
O,2022-06-30,Quarter,810420000,52180000,758240000,563990000,194250000,44230000,0,238480000,14660000,620000,0,0,223820000,0,223210000,,,603090000,0.33,0.37
O,2022-09-30,Quarter,837270000,52720000,784550000,575680000,208870000,21580000,0,230450000,10160000,720000,0,0,220290000,0,219570000,,,619200000,0.35,0.36
O,2022-12-31,Quarter,888650000,69090000,819560000,617370000,202190000,35530000,0,237720000,9380000,1070000,0,0,228340000,0,227270000,,,635640000,0.36,0.36
O,2023-03-31,Quarter,944400000,69400000,875000000,654260000,220740000,17330000,0,238070000,11950000,1110000,0,0,226120000,0,225020000,,,663030000,0.34,0.34
O,2023-06-30,Quarter,1019210000,94700000,924500000,723120000,201380000,8700000,0,210090000,12930000,1740000,0,0,197150000,0,195420000,,,676390000,0.29,0.29
O,2023-09-30,Quarter,1039100000,70980000,968120000,734910000,233210000,11990000,0,245210000,11340000,400000,0,0,233880000,0,233470000,,,711340000,0.33,0.33
O,2023-12-31,Quarter,1076290000,81880000,994400000,759400000,235000000,560000,0,235570000,15800000,1360000,0,0,219760000,0,218410000,,,726860000,0.30,0.30
O,2024-03-31,Quarter,1260490000,89360000,1171120000,1046110000,125010000,24390000,0,149400000,15500000,1620000,0,0,133900000,0,132280000,,,837040000,0.16,0.16
O,2024-06-30,Quarter,1339440000,99850000,1239590000,996780000,242810000,33800000,0,276610000,15640000,1580000,0,0,260970000,0,259390000,,,872520000,0.29,0.29
O,2024-09-30,Quarter,1330920000,92150000,1238760000,1011000000,227760000,58720000,0,286480000,15360000,1640000,0,0,271120000,0,269490000,,,873970000,0.30,0.30
O,2024-12-31,Quarter,1340300000,96310000,1243990000,1057720000,186270000,35190000,0,221450000,20100000,1740000,0,0,201350000,0,199610000,,,879650000,0.23,0.23
O,2025-03-31,Quarter,1380510000,106680000,1273820000,1038230000,235590000,31520000,0,267120000,15660000,1650000,0,0,251460000,0,249820000,,,892190000,0.28,0.28
O,2025-06-30,Quarter,1410380000,107420000,1302960000,1124700000,178260000,44820000,0,223080000,24070000,2090000,0,0,199010000,0,196920000,,,895080000,0.22,0.22
O,2025-09-30,Quarter,1470550000,106620000,1363930000,1081820000,282110000,59380000,0,341500000,23820000,1900000,0,0,317670000,0,315770000,,,917870000,0.35,0.35
OKTA,2020-01-31,Quarter,167330000,44680000,122640000,167350000,-44710000,5740000,10650000,-49610000,870000,0,0,0,-50470000,0,-50470000,,,121560000,-0.32,-0.42
OKTA,2020-04-30,Quarter,182860000,48490000,134370000,186570000,-52200000,4900000,10760000,-58060000,-400000,0,0,0,-57660000,0,-57660000,,,123490000,-0.38,-0.47
OKTA,2020-07-31,Quarter,200450000,51150000,149300000,194690000,-45390000,1790000,16930000,-60530000,-430000,0,0,0,-60100000,0,-60100000,,,126320000,-0.31,-0.48
OKTA,2020-10-31,Quarter,217380000,56910000,160470000,212450000,-51980000,1790000,22370000,-72560000,210000,0,0,0,-72760000,0,-72760000,,,128810000,-0.38,-0.56
OKTA,2021-01-31,Quarter,234740000,61140000,173600000,228200000,-54600000,2150000,22600000,-75040000,770000,0,0,0,-75810000,0,-75810000,,,130140000,-0.37,-0.58
OKTA,2021-04-30,Quarter,251010000,66120000,184880000,275560000,-90680000,4220000,22760000,-109220000,10000,0,0,0,-109230000,0,-109230000,,,131780000,-0.59,-0.83
OKTA,2021-07-31,Quarter,315500000,101110000,214390000,477840000,-263450000,2170000,22870000,-284140000,-7460000,0,0,0,-276680000,0,-276680000,,,151360000,-1.35,-1.83
OKTA,2021-10-31,Quarter,350680000,109670000,241010000,439570000,-198560000,1060000,23140000,-220640000,670000,0,0,0,-221310000,0,-221310000,,,153760000,-1.08,-1.44
OKTA,2022-01-31,Quarter,383020000,119500000,263510000,477940000,-214430000,2150000,23410000,-235690000,5500000,0,0,0,-241190000,0,-241190000,,,154720000,-1.20,-1.63
OKTA,2022-04-30,Quarter,414940000,131170000,283780000,523470000,-239690000,1700000,2870000,-240850000,1860000,0,0,0,-242710000,0,-242710000,,,155880000,-1.36,-1.56
OKTA,2022-07-31,Quarter,451810000,137690000,314110000,522180000,-208070000,4720000,2920000,-206260000,4220000,0,0,0,-210470000,0,-210470000,,,157400000,-1.19,-1.34
OKTA,2022-10-31,Quarter,481040000,137650000,343390000,549980000,-206590000,4240000,2810000,-205170000,3730000,0,0,0,-208900000,0,-208900000,,,158710000,-1.09,-1.32
OKTA,2023-01-31,Quarter,510210000,139490000,370720000,499370000,-128650000,11340000,2410000,-148720000,4200000,0,0,0,-152920000,0,-152920000,,,160040000,-0.70,-0.94
OKTA,2023-04-30,Quarter,518000000,142000000,376000000,536000000,-160000000,48000000,3000000,-115000000,4000000,0,0,0,-119000000,0,-119000000,,,161320000,-0.75,-0.74
OKTA,2023-07-31,Quarter,556000000,149000000,407000000,569000000,-162000000,60000000,2000000,-104000000,7000000,0,0,0,-111000000,0,-111000000,,,162760000,-0.72,-0.68
OKTA,2023-10-31,Quarter,584000000,145000000,439000000,550000000,-111000000,39000000,2000000,-74000000,7000000,0,0,0,-81000000,0,-81000000,,,164380000,-0.45,-0.49
OKTA,2024-01-31,Quarter,605000000,145000000,460000000,543000000,-83000000,40000000,1000000,-44000000,0,0,0,0,-44000000,0,-44000000,,,166000000,-0.14,-0.26
OKTA,2024-04-30,Quarter,617000000,148000000,469000000,516000000,-47000000,27000000,2000000,-22000000,18000000,0,0,0,-40000000,0,-40000000,,,167470000,-0.13,-0.24
OKTA,2024-07-31,Quarter,646000000,155000000,491000000,510000000,-19000000,32000000,1000000,12000000,-17000000,0,0,0,29000000,0,29000000,,,174440000,0.21,0.15
OKTA,2024-10-31,Quarter,665000000,157000000,508000000,524000000,-16000000,42000000,1000000,25000000,9000000,0,0,0,16000000,0,16000000,,,170670000,0.07,0.09
OKTA,2025-01-31,Quarter,682000000,158000000,524000000,505000000,19000000,24000000,1000000,31000000,8000000,0,0,0,23000000,0,23000000,,,175280000,0.25,0.16
OKTA,2025-04-30,Quarter,688000000,155000000,533000000,494000000,39000000,30000000,1000000,68000000,6000000,0,0,0,62000000,0,62000000,,,181750000,0.42,0.35
OKTA,2025-07-31,Quarter,728000000,168000000,560000000,519000000,41000000,27000000,1000000,67000000,0,0,0,0,67000000,0,67000000,,,180970000,0.43,0.37
ORCL,2020-02-29,Quarter,9796000000,1964000000,7832000000,4304000000,3528000000,4000000,456000000,3076000000,505000000,0,0,0,2571000000,0,2571000000,,,3271000000,0.89,0.79
ORCL,2020-05-31,Quarter,10440000000,1969000000,8471000000,4163000000,4308000000,-33000000,580000000,3695000000,579000000,0,0,0,3116000000,0,3116000000,,,3162000000,1.10,0.97
ORCL,2020-08-31,Quarter,9367000000,1880000000,7487000000,4276000000,3211000000,-2000000,614000000,2595000000,344000000,0,0,0,2251000000,0,2251000000,,,3107000000,0.82,0.72
ORCL,2020-11-30,Quarter,9800000000,1939000000,7861000000,4278000000,3583000000,-11000000,600000000,2972000000,530000000,0,0,0,2442000000,0,2442000000,,,3046000000,0.93,0.80
ORCL,2021-02-28,Quarter,10085000000,1915000000,8170000000,4292000000,3878000000,-17000000,585000000,3276000000,-1745000000,0,0,0,5021000000,0,5021000000,,,2994000000,1.03,1.68
ORCL,2021-05-31,Quarter,11227000000,2121000000,9106000000,4565000000,4541000000,312000000,697000000,4156000000,124000000,0,0,0,4032000000,0,4032000000,,,2943000000,1.40,1.35
ORCL,2021-08-31,Quarter,9728000000,2103000000,7625000000,4198000000,3427000000,-41000000,705000000,2681000000,224000000,0,0,0,2457000000,0,2457000000,,,2861000000,0.87,0.86
ORCL,2021-11-30,Quarter,10360000000,2159000000,8201000000,9025000000,-824000000,7000000,679000000,-1496000000,-249000000,0,0,0,-1247000000,0,-1247000000,,,2694000000,1.19,-0.46
ORCL,2022-02-28,Quarter,10513000000,2218000000,8295000000,4473000000,3822000000,-315000000,667000000,2840000000,521000000,0,0,0,2319000000,0,2319000000,,,2754000000,0.94,0.84
ORCL,2022-05-31,Quarter,11839000000,2397000000,9442000000,4941000000,4501000000,-173000000,704000000,3624000000,436000000,0,0,0,3188000000,0,3188000000,,,2742000000,1.31,1.17
ORCL,2022-08-31,Quarter,11445000000,3037000000,8408000000,5785000000,2623000000,-180000000,787000000,1656000000,108000000,0,0,0,1548000000,0,1548000000,,,2747000000,0.81,0.56
ORCL,2022-11-30,Quarter,12275000000,3358000000,8917000000,5846000000,3071000000,-71000000,856000000,2144000000,403000000,0,0,0,1741000000,0,1741000000,,,2746000000,0.95,0.63
ORCL,2023-02-28,Quarter,12398000000,3439000000,8959000000,5699000000,3260000000,-134000000,908000000,2218000000,322000000,0,0,0,1896000000,0,1896000000,,,2776000000,0.96,0.68
ORCL,2023-05-31,Quarter,13836000000,3730000000,10106000000,5967000000,4139000000,-77000000,954000000,3108000000,-210000000,0,0,0,3318000000,0,3318000000,,,2796000000,1.35,1.20
ORCL,2023-08-31,Quarter,12453000000,3610000000,8843000000,5547000000,3296000000,-49000000,872000000,2375000000,-45000000,0,0,0,2420000000,0,2420000000,,,2823000000,0.95,0.86
ORCL,2023-11-30,Quarter,12941000000,3740000000,9201000000,5579000000,3622000000,-14000000,888000000,2720000000,217000000,0,0,0,2503000000,0,2503000000,,,2817000000,1.05,0.89
ORCL,2024-02-29,Quarter,13280000000,3869000000,9411000000,5661000000,3750000000,-9000000,876000000,2865000000,464000000,0,0,0,2401000000,0,2401000000,,,2819000000,1.12,0.85
ORCL,2024-05-31,Quarter,14287000000,3924000000,10363000000,5678000000,4685000000,-26000000,878000000,3781000000,638000000,0,0,0,3143000000,0,3143000000,,,2834000000,1.35,1.11
ORCL,2024-08-31,Quarter,13307000000,3906000000,9401000000,5410000000,3991000000,20000000,842000000,3169000000,240000000,0,0,0,2929000000,0,2929000000,,,2851000000,1.18,1.03
ORCL,2024-11-30,Quarter,14059000000,4085000000,9974000000,5754000000,4220000000,36000000,866000000,3390000000,239000000,0,0,0,3151000000,0,3151000000,,,2869000000,1.15,1.10
ORCL,2025-02-28,Quarter,14130000000,4195000000,9935000000,5577000000,4358000000,-18000000,892000000,3448000000,512000000,0,0,0,2936000000,0,2936000000,,,2874000000,1.18,1.02
ORCL,2025-05-31,Quarter,15903000000,4741000000,11162000000,6053000000,5109000000,22000000,978000000,4153000000,726000000,0,0,0,3427000000,0,3427000000,,,2871000000,1.35,1.19
ORCL,2025-08-31,Quarter,14926000000,4884000000,10042000000,5765000000,4277000000,73000000,923000000,3427000000,500000000,0,0,0,2927000000,0,2927000000,,,2909000000,1.20,1.01
PANW,2020-01-31,Quarter,816700000,233100000,583600000,636500000,-52900000,10800000,19000000,-61100000,12600000,0,0,0,-73700000,0,-73700000,,,98300000,-0.43,-0.75
PANW,2020-04-30,Quarter,869400000,258300000,611100000,667600000,-56500000,8100000,19400000,-67800000,7000000,0,0,0,-74800000,0,-74800000,,,96700000,-0.40,-0.77
PANW,2020-07-31,Quarter,950400000,290400000,660000000,677800000,-17800000,800000,31400000,-48400000,10500000,0,0,0,-58900000,0,-58900000,,,96000000,-0.13,-0.62
PANW,2021-01-31,Quarter,1016900000,307600000,709300000,798100000,-88800000,-500000,40700000,-130000000,12300000,0,0,0,-142300000,0,-142300000,,,95900000,-0.42,-1.48
PANW,2021-04-30,Quarter,1073900000,330600000,743300000,853700000,-110400000,1000000,41000000,-150400000,-5300000,0,0,0,-145100000,0,-145100000,,,96900000,-0.62,-1.50
PANW,2021-07-31,Quarter,1219300000,358900000,860400000,920800000,-60400000,-500000,41400000,-102300000,17000000,0,0,0,-119300000,0,-119300000,,,97200000,-0.63,-1.23
PANW,2021-10-31,Quarter,1247400000,380600000,866800000,949500000,-82700000,-1600000,6900000,-91200000,12400000,0,0,0,-103600000,0,-103600000,,,97600000,-0.70,-1.06
PANW,2022-01-31,Quarter,1316900000,405300000,911600000,985500000,-73900000,-100000,6800000,-80800000,12700000,0,0,0,-93500000,0,-93500000,,,98200000,-0.64,-0.95
PANW,2022-04-30,Quarter,1386700000,440500000,946200000,993800000,-47600000,1900000,6800000,-52500000,20700000,0,0,0,-73200000,0,-73200000,,,98900000,-0.61,-0.74
PANW,2022-07-31,Quarter,1550500000,492300000,1058200000,1042800000,15400000,8800000,6900000,17300000,14000000,0,0,0,3300000,0,3300000,,,336300000,0.15,0.01
PANW,2022-10-31,Quarter,1563400000,461900000,1101500000,1086300000,15200000,26000000,6800000,34400000,14400000,0,0,0,20000000,0,20000000,,,338400000,0.12,0.06
PANW,2023-01-31,Quarter,1655100000,466200000,1188900000,1149000000,39900000,51400000,6900000,84400000,200000,0,0,0,84200000,0,84200000,,,331600000,0.34,0.25
PANW,2023-04-30,Quarter,1720900000,474800000,1246100000,1167400000,78700000,60100000,7800000,131000000,23200000,0,0,0,107800000,0,107800000,,,344700000,0.38,0.31
PANW,2023-07-31,Quarter,1953300000,506800000,1446500000,1193000000,253500000,68700000,5700000,316500000,88800000,0,0,0,227700000,0,227700000,,,354500000,0.80,0.66
PANW,2023-10-31,Quarter,1878100000,472800000,1405300000,1190100000,215200000,70300000,2900000,282600000,88400000,0,0,0,194200000,0,194200000,,,349800000,0.63,0.56
PANW,2024-01-31,Quarter,1975100000,499100000,1476000000,1422400000,53600000,84700000,2800000,135500000,-1611400000,0,0,0,1746900000,0,1746900000,,,357500000,0.80,4.89
PANW,2024-04-30,Quarter,1984800000,513600000,1471200000,1294500000,176700000,76800000,2300000,251200000,-27600000,0,0,0,278800000,0,278800000,,,354600000,0.89,0.79
PANW,2024-07-31,Quarter,2189500000,573700000,1615800000,1377400000,238400000,80900000,300000,319000000,-38700000,0,0,0,357700000,0,357700000,,,353900000,0.85,1.04
PANW,2024-10-31,Quarter,2138800000,554100000,1584700000,1298200000,286500000,83300000,1200000,368600000,17900000,0,0,0,350700000,0,350700000,,,354500000,0.83,0.99
PANW,2025-01-31,Quarter,2257400000,599200000,1658200000,1417800000,240400000,85300000,900000,324800000,57500000,0,0,0,267300000,0,267300000,,,709000000,0.43,0.38
PANW,2025-04-30,Quarter,2289000000,619300000,1669700000,1450900000,218800000,92400000,700000,310500000,48400000,0,0,0,262100000,0,262100000,,,707400000,0.43,0.37
PANW,2025-07-31,Quarter,2536300000,679000000,1857300000,1360100000,497200000,94800000,200000,591800000,338000000,0,0,0,253800000,0,253800000,,,709000000,0.42,0.36
PANW,2025-10-31,Quarter,2474000000,638000000,1836000000,1527000000,309000000,103000000,0,412000000,78000000,0,0,0,334000000,0,334000000,,,709000000,0.53,0.47
PEP,2020-03-31,Quarter,13881000000,6127000000,7754000000,5830000000,1924000000,77000000,290000000,1711000000,360000000,13000000,0,0,1351000000,0,1338000000,,,1396000000,1.07,0.96
PEP,2020-06-30,Quarter,15945000000,7088000000,8857000000,6538000000,2319000000,84000000,235000000,2168000000,510000000,12000000,0,0,1658000000,0,1646000000,,,1393000000,1.32,1.18
PEP,2020-09-30,Quarter,18091000000,8156000000,9935000000,6924000000,3011000000,86000000,264000000,2833000000,526000000,16000000,0,0,2307000000,0,2291000000,,,1390000000,1.66,1.65
PEP,2020-12-31,Quarter,22455000000,10426000000,12029000000,9203000000,2826000000,-130000000,339000000,2357000000,498000000,14000000,0,0,1859000000,0,1845000000,,,1388000000,1.47,1.33
PEP,2021-03-31,Quarter,14820000000,6671000000,8149000000,5837000000,2312000000,120000000,258000000,2174000000,451000000,9000000,0,0,1723000000,0,1714000000,,,1387000000,1.21,1.24
PEP,2021-06-30,Quarter,19217000000,8880000000,10337000000,7208000000,3129000000,126000000,241000000,3014000000,642000000,14000000,0,0,2372000000,0,2358000000,,,1388000000,1.72,1.70
PEP,2021-09-30,Quarter,20189000000,9394000000,10795000000,7636000000,3159000000,118000000,232000000,3045000000,802000000,19000000,0,0,2243000000,0,2224000000,,,1389000000,1.79,1.60
PEP,2021-12-31,Quarter,25248000000,12130000000,13118000000,10556000000,2562000000,158000000,1132000000,1588000000,247000000,19000000,0,0,1341000000,0,1322000000,,,1390000000,1.53,0.95
PEP,2022-03-31,Quarter,16200000000,7433000000,8767000000,3500000000,5267000000,134000000,240000000,5161000000,888000000,12000000,0,0,4273000000,0,4261000000,,,1391000000,1.29,3.06
PEP,2022-06-30,Quarter,20225000000,9415000000,10810000000,8733000000,2077000000,-2000000,236000000,1839000000,393000000,17000000,0,0,1446000000,0,1429000000,,,1389000000,1.86,1.03
PEP,2022-09-30,Quarter,21971000000,10308000000,11663000000,8310000000,3353000000,36000000,190000000,3199000000,475000000,22000000,0,0,2724000000,0,2702000000,,,1387000000,1.97,1.95
PEP,2022-12-31,Quarter,27996000000,13420000000,14576000000,13761000000,815000000,-36000000,273000000,506000000,-29000000,17000000,0,0,535000000,0,518000000,,,1385000000,1.67,0.38
PEP,2023-03-31,Quarter,17846000000,7988000000,9858000000,7229000000,2629000000,61000000,200000000,2490000000,546000000,12000000,0,0,1944000000,0,1932000000,,,1384000000,1.50,1.40
PEP,2023-06-30,Quarter,22322000000,10121000000,12201000000,8542000000,3659000000,60000000,201000000,3518000000,747000000,23000000,0,0,2771000000,0,2748000000,,,1384000000,2.09,1.99
PEP,2023-09-30,Quarter,23453000000,10675000000,12778000000,8763000000,4015000000,62000000,201000000,3876000000,760000000,24000000,0,0,3116000000,0,3092000000,,,1383000000,2.25,2.24
PEP,2023-12-31,Quarter,27850000000,13097000000,14753000000,13070000000,1683000000,67000000,217000000,1533000000,209000000,22000000,0,0,1324000000,0,1302000000,,,1381000000,1.78,0.93
PEP,2024-03-31,Quarter,18250000000,8248000000,10002000000,7285000000,2717000000,58000000,202000000,2573000000,520000000,11000000,0,0,2053000000,0,2042000000,,,1380000000,1.61,1.48
PEP,2024-06-30,Quarter,22501000000,9919000000,12582000000,8534000000,4048000000,56000000,234000000,3870000000,776000000,11000000,0,0,3094000000,0,3083000000,,,1379000000,2.28,2.23
PEP,2024-09-30,Quarter,23319000000,10396000000,12923000000,9051000000,3872000000,41000000,219000000,3694000000,749000000,15000000,0,0,2945000000,0,2930000000,,,1378000000,2.31,2.13
PEP,2024-12-31,Quarter,27784000000,13181000000,14603000000,12320000000,2283000000,-177000000,264000000,1809000000,275000000,11000000,0,0,1534000000,0,1523000000,,,1377000000,1.96,1.11
PEP,2025-03-31,Quarter,17919000000,7926000000,9993000000,7410000000,2583000000,23000000,264000000,2342000000,499000000,9000000,0,0,1843000000,0,1834000000,,,1376000000,1.48,1.33
PEP,2025-06-30,Quarter,22726000000,10304000000,12422000000,10633000000,1789000000,42000000,260000000,1571000000,292000000,16000000,0,0,1279000000,0,1263000000,,,1373000000,2.12,0.92
PEP,2025-09-30,Quarter,23937000000,11113000000,12824000000,9255000000,3569000000,26000000,264000000,3331000000,713000000,15000000,0,0,2618000000,0,2603000000,,,1372000000,2.29,1.90
PFE,2020-03-31,Quarter,12028000000,2378000000,9650000000,5551000000,4099000000,-215000000,0,3885000000,475000000,9000000,0,0,3410000000,0,3401000000,,,5575410000,0.80,0.61
PFE,2020-06-30,Quarter,11801000000,2281000000,9520000000,6429000000,3091000000,862000000,0,3953000000,519000000,8000000,0,0,3434000000,0,3426000000,,,5616390000,0.78,0.61
PFE,2020-09-30,Quarter,12131000000,2529000000,9602000000,6278000000,3324000000,-1148000000,0,2176000000,-26000000,8000000,0,0,2202000000,0,2194000000,,,5633000000,0.72,0.39
PFE,2020-12-31,Quarter,5948000000,1504000000,4444000000,6798000000,-2354000000,-162000000,0,-2517000000,-491000000,11000000,0,0,-2025000000,257000000,595000000,,,5662000000,0.42,0.10
PFE,2021-03-31,Quarter,14582000000,4211000000,10371000000,5692000000,4679000000,1004000000,0,5683000000,805000000,9000000,0,0,4877000000,9000000,4877000000,,,5670930000,0.93,0.86
PFE,2021-06-30,Quarter,18977000000,7049000000,11928000000,6317000000,5611000000,998000000,0,6609000000,1043000000,26000000,0,0,5565000000,24000000,5563000000,,,5678000000,1.07,0.98
PFE,2021-09-30,Quarter,24094000000,9973000000,14121000000,7979000000,6142000000,1696000000,0,7836000000,-331000000,12000000,0,0,8167000000,-9000000,8147000000,,,5725000000,1.34,1.42
PFE,2021-12-31,Quarter,23635000000,9588000000,14047000000,11046000000,3001000000,1180000000,0,4183000000,335000000,-2000000,0,0,3850000000,-458000000,3393000000,,,5768000000,1.08,0.59
PFE,2022-03-31,Quarter,25661000000,9984000000,15677000000,6276000000,9401000000,-350000000,0,9050000000,1172000000,6000000,0,0,7879000000,-9000000,7864000000,,,5740150000,1.62,1.37
PFE,2022-06-30,Quarter,27742000000,8648000000,19094000000,6875000000,12219000000,-772000000,0,11447000000,1570000000,6000000,0,0,9877000000,34000000,9905000000,,,5712000000,2.04,1.73
PFE,2022-09-30,Quarter,22638000000,6063000000,16575000000,7632000000,8943000000,59000000,0,9001000000,356000000,15000000,0,0,8645000000,-21000000,8608000000,,,5718000000,1.78,1.51
PFE,2022-12-31,Quarter,24289000000,9649000000,14640000000,10259000000,4381000000,846000000,0,5231000000,230000000,8000000,0,0,5000000000,2000000,4995000000,,,5743000000,1.14,0.86
PFE,2023-03-31,Quarter,18282000000,4886000000,13396000000,7056000000,6340000000,-70000000,0,6270000000,715000000,13000000,0,0,5555000000,1000000,5543000000,,,5714430000,1.23,0.97
PFE,2023-06-30,Quarter,12734000000,3237000000,9497000000,7576000000,1921000000,347000000,0,2269000000,-71000000,11000000,0,0,2340000000,-2000000,2327000000,,,5713000000,0.67,0.41
PFE,2023-09-30,Quarter,13232000000,9269000000,3963000000,7393000000,-3430000000,79000000,0,-3352000000,-964000000,6000000,0,0,-2388000000,12000000,-2382000000,,,5646000000,-0.17,-0.42
PFE,2023-12-31,Quarter,14248000000,7562000000,6686000000,11295000000,-4609000000,479000000,0,-4129000000,-795000000,9000000,0,0,-3335000000,-26000000,-3369000000,,,5647000000,0.10,-0.59
PFE,2024-03-31,Quarter,14879000000,3379000000,11500000000,7398000000,4102000000,-680000000,0,3421000000,293000000,8000000,0,0,3128000000,-5000000,3115000000,,,5697000000,0.82,0.55
PFE,2024-06-30,Quarter,13283000000,3300000000,9983000000,8980000000,1003000000,-1107000000,0,-103000000,-134000000,7000000,0,0,31000000,17000000,41000000,,,5696000000,0.60,0.01
PFE,2024-09-30,Quarter,17702000000,5263000000,12439000000,7480000000,4959000000,-243000000,0,4715000000,234000000,8000000,0,0,4481000000,-8000000,4465000000,,,5705000000,1.06,0.78
PFE,2024-12-31,Quarter,17763000000,5909000000,11854000000,9507000000,2347000000,-2358000000,0,-10000000,-421000000,8000000,0,0,411000000,7000000,410000000,,,5703000000,0.63,0.07
PFE,2025-03-31,Quarter,13715000000,2845000000,10870000000,7132000000,3738000000,-953000000,0,2785000000,-189000000,6000000,0,0,2973000000,0,2967000000,,,5710000000,0.92,0.52
PFE,2025-06-30,Quarter,14653000000,3778000000,10875000000,7092000000,3783000000,-739000000,0,3044000000,141000000,18000000,0,0,2903000000,25000000,2910000000,,,5706000000,0.78,0.51
PFE,2025-09-30,Quarter,16654000000,4172000000,12482000000,8631000000,3851000000,-517000000,0,3334000000,-216000000,9000000,0,0,3550000000,0,3541000000,,,5714000000,0.87,0.62
PINS,2020-03-31,Quarter,271940000,99230000,172710000,318790000,-146080000,7150000,2080000,-141020000,180000,0,0,0,-141200000,0,-141200000,,,576300000,-0.25,-0.25
PINS,2020-06-30,Quarter,272490000,108260000,164230000,268750000,-104520000,4220000,20000,-100330000,420000,0,0,0,-100750000,0,-100750000,,,586740000,-0.17,-0.17
PINS,2020-09-30,Quarter,442620000,112840000,329770000,426810000,-97040000,2900000,50000,-94190000,30000,0,0,0,-94220000,0,-94220000,,,603490000,-0.02,-0.16
PINS,2020-12-31,Quarter,705620000,129020000,576590000,371450000,205140000,1850000,-1510000,208510000,670000,0,0,0,207840000,0,207840000,,,689190000,0.30,0.36
PINS,2021-03-31,Quarter,485230000,133470000,351760000,374670000,-22910000,1490000,1560000,-22980000,-1310000,0,0,0,-21670000,0,-21670000,,,628590000,-0.02,-0.03
PINS,2021-06-30,Quarter,613210000,127820000,485390000,414190000,71200000,1130000,-340000,72660000,3240000,0,0,0,69420000,0,69420000,,,692360000,0.11,0.10
PINS,2021-09-30,Quarter,632930000,126780000,506150000,407700000,98450000,770000,4770000,94450000,450000,0,0,0,94000000,0,94000000,,,691850000,0.14,0.14
PINS,2021-12-31,Quarter,846660000,141250000,705410000,525960000,179450000,820000,3430000,176840000,2140000,0,0,0,174700000,0,174700000,,,690170000,0.29,0.25
PINS,2022-03-31,Quarter,574890000,146070000,428820000,432480000,-3660000,1090000,1580000,-4150000,1130000,0,0,0,-5280000,0,-5280000,,,656900000,-0.01,-0.01
PINS,2022-06-30,Quarter,665930000,164900000,501030000,535540000,-34510000,3370000,9250000,-40390000,2680000,0,0,0,-43080000,0,-43080000,,,662240000,-0.07,-0.07
PINS,2022-09-30,Quarter,684550000,182600000,501950000,571320000,-69370000,9320000,10120000,-70170000,-4990000,0,0,0,-65180000,0,-65180000,,,669170000,-0.09,-0.10
PINS,2022-12-31,Quarter,877210000,185030000,692180000,686310000,5870000,17170000,-5730000,28770000,11280000,0,0,0,17490000,0,17490000,,,674390000,0.05,0.04
PINS,2023-03-31,Quarter,602580000,170930000,431660000,675350000,-243690000,25220000,0,-218460000,-9880000,0,0,0,-208580000,0,-208580000,,,681140000,-0.13,-0.31
PINS,2023-06-30,Quarter,708030000,168740000,539290000,612530000,-73240000,27070000,0,-46180000,-11230000,0,0,0,-34940000,0,-34940000,,,674280000,-0.04,-0.05
PINS,2023-09-30,Quarter,763200000,171000000,592210000,597210000,-5000000,22100000,0,17100000,10360000,0,0,0,6730000,0,6730000,,,687100000,0.03,0.01
PINS,2023-12-31,Quarter,981260000,178100000,803170000,606920000,196250000,34850000,0,231100000,29920000,0,0,0,201180000,0,201180000,,,695030000,0.29,0.30
PINS,2024-03-31,Quarter,739980000,181090000,558890000,613310000,-54420000,26740000,0,-27680000,-2860000,0,0,0,-24810000,0,-24810000,,,678820000,-0.04,-0.04
PINS,2024-06-30,Quarter,853680000,184860000,668820000,690270000,-21450000,30080000,0,8640000,-240000,0,0,0,8890000,0,8890000,,,708260000,0.01,0.01
PINS,2024-09-30,Quarter,898370000,187450000,710920000,716840000,-5920000,35710000,0,29800000,-760000,0,0,0,30560000,0,30560000,,,695480000,0.10,0.04
PINS,2024-12-31,Quarter,1154130000,196960000,957180000,695580000,261600000,15250000,0,276840000,-1570640000,0,0,0,1847480000,0,1847480000,,,688230000,0.33,2.66
PINS,2025-03-31,Quarter,854990000,199270000,655720000,691200000,-35480000,4520000,-27290000,-3670000,-12590000,0,0,0,8920000,0,8920000,,,689360000,0.01,0.01
PINS,2025-06-30,Quarter,998230000,203010000,795220000,799540000,-4320000,38980000,0,34650000,-4100000,0,0,0,38760000,0,38760000,,,689840000,0.09,0.06
PINS,2025-09-30,Quarter,1049210000,212330000,836880000,778360000,58520000,28680000,0,87200000,-4910000,0,0,0,92110000,0,92110000,,,694530000,0.14,0.13
PLD,2020-03-31,Quarter,978240000,274190000,704050000,235990000,468060000,159660000,75640000,552080000,30910000,30110000,0,0,521160000,0,491050000,,,723980000,0.70,0.70
PLD,2020-06-30,Quarter,1266120000,313650000,952470000,340490000,611980000,-29240000,81300000,501450000,46510000,48770000,0,0,454940000,0,406170000,,,765830000,0.54,0.54
PLD,2020-09-30,Quarter,1082770000,291280000,791490000,234970000,556520000,-131130000,80710000,344680000,12150000,29830000,0,0,332520000,0,302690000,,,764620000,0.40,0.40
PLD,2020-12-31,Quarter,1111600000,290980000,820620000,338240000,482380000,-56640000,76860000,348890000,40880000,26110000,0,0,308010000,0,281890000,,,764760000,0.38,0.37
PLD,2021-03-31,Quarter,1148320000,327330000,820980000,288790000,532190000,-35510000,71280000,425410000,25720000,32350000,0,0,399690000,0,367350000,,,764960000,0.49,0.49
PLD,2021-06-30,Quarter,1150840000,290230000,860610000,159750000,700860000,67050000,68410000,699510000,49200000,50140000,0,0,650310000,0,600180000,,,764650000,0.81,0.81
PLD,2021-09-30,Quarter,1183050000,309000000,874050000,108400000,765650000,155140000,63640000,857170000,59440000,74190000,0,0,797730000,0,723540000,,,764950000,0.97,0.97
PLD,2021-12-31,Quarter,1277230000,321930000,955310000,-252960000,1208270000,195390000,62900000,1340760000,39910000,52190000,0,0,1300850000,0,1248660000,,,765560000,1.67,1.67
PLD,2022-03-31,Quarter,1219130000,327490000,891640000,-314160000,1205800000,107210000,64060000,1248940000,29220000,68940000,0,0,1219720000,0,1150790000,,,765520000,1.54,1.54
PLD,2022-06-30,Quarter,1252080000,327520000,924560000,391240000,533320000,223250000,60290000,696270000,49830000,35040000,0,0,646440000,0,611390000,,,766070000,0.82,0.82
PLD,2022-09-30,Quarter,1750890000,415260000,1335630000,420660000,914970000,256760000,63880000,1107840000,38670000,53710000,0,0,1069170000,0,1015460000,,,766370000,1.36,1.36
PLD,2022-12-31,Quarter,1751590000,438830000,1312760000,499320000,813440000,-47620000,120800000,637750000,17690000,32850000,0,0,620070000,0,587210000,,,946950000,0.63,0.53
PLD,2023-03-31,Quarter,1768590000,484260000,1284320000,705280000,579040000,87670000,136010000,530700000,32070000,34010000,0,0,498630000,0,464620000,,,951620000,0.50,0.50
PLD,2023-06-30,Quarter,2450970000,538840000,1912130000,500340000,1411790000,96750000,149820000,1358720000,79230000,63460000,0,0,1279490000,0,1216030000,,,951710000,1.31,1.31
PLD,2023-09-30,Quarter,1914660000,500150000,1414520000,532410000,882110000,139330000,181050000,840380000,41240000,51510000,0,0,799140000,0,747630000,,,951910000,0.80,0.80
PLD,2023-12-31,Quarter,1889250000,487080000,1402160000,567320000,834840000,73980000,174450000,734380000,58500000,44950000,0,0,675880000,0,630940000,,,952400000,0.68,0.68
PLD,2024-03-31,Quarter,1956620000,533070000,1423550000,703200000,720350000,136570000,193320000,663610000,32800000,45090000,0,0,630810000,0,585720000,,,953910000,0.63,0.63
PLD,2024-06-30,Quarter,2007950000,515770000,1492180000,468850000,1023330000,139490000,208270000,954560000,43060000,50150000,0,0,911500000,0,861350000,,,953200000,0.92,0.92
PLD,2024-09-30,Quarter,2036390000,488770000,1547620000,296660000,1250960000,46810000,230110000,1067670000,4210000,57730000,0,0,1063450000,0,1005720000,,,953810000,1.08,1.08
PLD,2024-12-31,Quarter,2200650000,519640000,1681010000,259750000,1421260000,240020000,232230000,1429050000,86870000,63320000,0,0,1342180000,0,1278850000,,,954080000,1.37,1.38
PLD,2025-03-31,Quarter,2139670000,549090000,1590570000,712160000,878410000,36240000,231750000,682900000,43380000,46570000,0,0,639520000,0,592950000,,,956080000,0.63,0.63
PLD,2025-06-30,Quarter,2183870000,552880000,1630990000,718280000,912710000,-15140000,251870000,645710000,23410000,51080000,0,0,622300000,0,571230000,,,955880000,0.61,0.61
PLD,2025-09-30,Quarter,2213880000,553910000,1659980000,719720000,940260000,193810000,258270000,875800000,54540000,56990000,0,0,821260000,0,764270000,,,956600000,0.82,0.82
PYPL,2020-03-31,Quarter,4618000000,2729000000,1889000000,1491000000,398000000,-135000000,0,263000000,179000000,0,0,0,84000000,0,84000000,,,1185000000,0.44,0.07
PYPL,2020-06-30,Quarter,5261000000,2706000000,2555000000,1604000000,951000000,848000000,0,1799000000,269000000,0,0,0,1530000000,0,1530000000,,,1184000000,0.76,1.29
PYPL,2020-09-30,Quarter,5459000000,2815000000,2644000000,1667000000,977000000,167000000,0,1144000000,123000000,0,0,0,1021000000,0,1021000000,,,1190000000,0.80,0.86
PYPL,2020-12-31,Quarter,6116000000,3203000000,2913000000,1950000000,963000000,896000000,0,1859000000,292000000,0,0,0,1567000000,0,1567000000,,,1191000000,0.75,1.32
PYPL,2021-03-31,Quarter,6033000000,3066000000,2967000000,1925000000,1042000000,-170000000,0,872000000,-225000000,0,0,0,1097000000,0,1097000000,,,1190000000,0.91,0.92
PYPL,2021-06-30,Quarter,6238000000,3214000000,3024000000,1897000000,1127000000,229000000,0,1356000000,172000000,0,0,0,1184000000,0,1184000000,,,1186000000,0.88,1.00
PYPL,2021-09-30,Quarter,6182000000,3336000000,2846000000,1803000000,1043000000,122000000,0,1165000000,78000000,0,0,0,1087000000,0,1087000000,,,1187000000,0.90,0.92
PYPL,2021-12-31,Quarter,6918000000,3834000000,3084000000,2034000000,1050000000,-344000000,0,706000000,-95000000,0,0,0,801000000,0,801000000,,,1183000000,0.92,0.68
PYPL,2022-03-31,Quarter,6483000000,3720000000,2763000000,2052000000,711000000,-82000000,0,629000000,120000000,0,0,0,509000000,0,509000000,,,1172000000,0.54,0.43
PYPL,2022-06-30,Quarter,6806000000,4028000000,2778000000,2014000000,764000000,-715000000,0,49000000,390000000,0,0,0,-341000000,0,-341000000,,,1158000000,0.65,-0.29
PYPL,2022-09-30,Quarter,6846000000,3864000000,2982000000,1864000000,1118000000,460000000,0,1578000000,248000000,0,0,0,1330000000,0,1330000000,,,1157000000,0.87,1.15
PYPL,2022-12-31,Quarter,7383000000,4253000000,3130000000,1886000000,1244000000,-134000000,0,1110000000,189000000,0,0,0,921000000,0,921000000,,,1144000000,1.01,0.80
PYPL,2023-03-31,Quarter,7040000000,4213000000,2827000000,1828000000,999000000,75000000,0,1074000000,279000000,0,0,0,795000000,0,795000000,,,1134000000,0.86,0.70
PYPL,2023-06-30,Quarter,7287000000,4431000000,2856000000,1723000000,1133000000,170000000,0,1303000000,274000000,0,0,0,1029000000,0,1029000000,,,1114000000,0.83,0.92
PYPL,2023-09-30,Quarter,7418000000,4523000000,2895000000,1727000000,1168000000,73000000,0,1241000000,221000000,0,0,0,1020000000,0,1020000000,,,1098000000,0.97,0.93
PYPL,2023-12-31,Quarter,8026000000,4819000000,3207000000,1479000000,1728000000,65000000,0,1793000000,391000000,0,0,0,1402000000,0,1402000000,,,1084000000,1.10,1.29
PYPL,2024-03-31,Quarter,7699000000,4692000000,3007000000,1839000000,1168000000,41000000,0,1209000000,321000000,0,0,0,888000000,0,888000000,,,1072000000,1.09,0.83
PYPL,2024-06-30,Quarter,7885000000,4713000000,3172000000,1847000000,1325000000,74000000,0,1399000000,271000000,0,0,0,1128000000,0,1128000000,,,1047000000,1.19,1.08
PYPL,2024-09-30,Quarter,7847000000,4620000000,3227000000,1836000000,1391000000,-80000000,0,1311000000,301000000,0,0,0,1010000000,0,1010000000,,,1024000000,1.20,0.99
PYPL,2024-12-31,Quarter,8366000000,4882000000,3484000000,2043000000,1441000000,-31000000,0,1410000000,289000000,0,0,0,1121000000,0,1121000000,,,1014000000,1.19,1.09
PYPL,2025-03-31,Quarter,7791000000,4473000000,3318000000,1788000000,1530000000,73000000,0,1603000000,316000000,0,0,0,1287000000,0,1287000000,,,999000000,1.33,1.29
PYPL,2025-06-30,Quarter,8288000000,4857000000,3431000000,1927000000,1504000000,25000000,0,1529000000,268000000,0,0,0,1261000000,0,1261000000,,,977000000,1.40,1.29
PYPL,2025-09-30,Quarter,8417000000,4993000000,3424000000,1904000000,1520000000,13000000,0,1533000000,285000000,0,0,0,1248000000,0,1248000000,,,960000000,1.34,1.30
QCOM,2020-03-31,Quarter,5216000000,2297000000,2919000000,1928000000,991000000,-247000000,146000000,598000000,130000000,0,0,0,468000000,0,468000000,,,1151000000,0.66,0.41
QCOM,2020-06-30,Quarter,4893000000,2080000000,2813000000,2031000000,782000000,229000000,143000000,868000000,23000000,0,0,0,845000000,0,845000000,,,1139000000,0.65,0.74
QCOM,2020-09-30,Quarter,8345000000,2765000000,5580000000,2128000000,3452000000,19000000,165000000,3306000000,346000000,0,0,0,2960000000,0,2960000000,,,1148000000,1.23,2.57
QCOM,2020-12-31,Quarter,8235000000,3489000000,4746000000,2220000000,2526000000,219000000,141000000,2604000000,149000000,0,0,0,2455000000,0,2455000000,,,1156000000,1.97,2.12
QCOM,2021-03-31,Quarter,7935000000,3432000000,4503000000,2337000000,2166000000,104000000,141000000,2129000000,367000000,0,0,0,1762000000,0,1762000000,,,1151000000,1.59,1.53
QCOM,2021-06-30,Quarter,8060000000,3404000000,4656000000,2461000000,2195000000,200000000,138000000,2257000000,230000000,0,0,0,2027000000,0,2027000000,,,1145000000,1.66,1.77
QCOM,2021-09-30,Quarter,9336000000,3937000000,5399000000,2497000000,2902000000,521000000,139000000,3284000000,485000000,0,0,0,2799000000,0,2799000000,,,1144000000,2.24,2.45
QCOM,2021-12-31,Quarter,10705000000,4303000000,6402000000,2538000000,3864000000,140000000,139000000,3865000000,466000000,0,0,0,3399000000,0,3399000000,,,1142000000,2.96,2.98
QCOM,2022-03-31,Quarter,11164000000,4648000000,6516000000,2658000000,3858000000,-298000000,137000000,3423000000,489000000,0,0,0,2934000000,0,2934000000,,,1140000000,2.86,2.57
QCOM,2022-06-30,Quarter,10936000000,4816000000,6120000000,1648000000,4472000000,-163000000,70000000,4239000000,509000000,0,0,0,3730000000,0,3730000000,,,1134000000,2.59,3.29
QCOM,2022-09-30,Quarter,11395000000,4868000000,6527000000,2861000000,3666000000,-51000000,144000000,3471000000,548000000,0,0,0,2923000000,-50000000,2873000000,,,1133000000,2.74,2.53
QCOM,2022-12-31,Quarter,9463000000,4044000000,5419000000,2954000000,2465000000,76000000,170000000,2371000000,98000000,0,0,0,2273000000,-38000000,2235000000,,,1131000000,1.93,1.98
QCOM,2023-03-31,Quarter,9275000000,4153000000,5122000000,3032000000,2090000000,-16000000,179000000,1895000000,193000000,0,0,0,1702000000,2000000,1704000000,,,1123000000,1.69,1.52
QCOM,2023-06-30,Quarter,8451000000,3792000000,4659000000,2836000000,1823000000,106000000,172000000,1757000000,22000000,0,0,0,1735000000,68000000,1803000000,,,1124000000,1.40,1.60
QCOM,2023-09-30,Quarter,8631000000,3880000000,4751000000,3341000000,1410000000,183000000,173000000,1420000000,-209000000,0,0,0,1629000000,-139000000,1490000000,,,1125000000,1.59,1.32
QCOM,2023-12-31,Quarter,9935000000,4312000000,5623000000,2695000000,2928000000,212000000,178000000,2962000000,151000000,0,0,0,2811000000,-44000000,2767000000,,,1127000000,2.33,2.46
QCOM,2024-03-31,Quarter,9389000000,4106000000,5283000000,2943000000,2340000000,330000000,172000000,2498000000,223000000,0,0,0,2275000000,51000000,2326000000,,,1130000000,1.93,2.06
QCOM,2024-06-30,Quarter,9393000000,4174000000,5219000000,2998000000,2221000000,226000000,168000000,2279000000,171000000,0,0,0,2108000000,21000000,2129000000,,,1134000000,1.93,1.88
QCOM,2024-09-30,Quarter,10245000000,4468000000,5777000000,3195000000,2582000000,194000000,179000000,2597000000,-319000000,0,0,0,2916000000,4000000,2920000000,,,1129000000,2.26,2.57
QCOM,2024-12-31,Quarter,11669000000,5161000000,6508000000,2953000000,3555000000,243000000,163000000,3635000000,455000000,0,0,0,3180000000,0,3180000000,,,1122000000,2.86,2.83
QCOM,2025-03-31,Quarter,10979000000,4937000000,6042000000,2922000000,3120000000,148000000,163000000,3105000000,293000000,0,0,0,2812000000,0,2812000000,,,1115000000,2.35,2.52
QCOM,2025-06-30,Quarter,10365000000,4606000000,5759000000,2997000000,2762000000,358000000,168000000,2952000000,286000000,0,0,0,2666000000,0,2666000000,,,1099000000,2.29,2.43
QCOM,2025-09-30,Quarter,11271000000,5034000000,6237000000,3280000000,2957000000,223000000,170000000,2971000000,6088000000,0,0,0,-3117000000,0,-3117000000,,,1078000000,2.56,-2.77
RDDT,2024-03-31,Quarter,242960000,27620000,215350000,804600000,-589250000,14550000,0,-574700000,370000,0,0,0,-575070000,0,-575070000,,,70240000,-8.19,-8.19
RDDT,2024-06-30,Quarter,281180000,29500000,251680000,282730000,-31050000,20720000,0,-10320000,-220000,0,0,0,-10100000,0,-10100000,,,164380000,-0.06,-0.06
RDDT,2024-09-30,Quarter,348350000,34630000,313720000,306860000,6860000,22970000,0,29820000,-30000,0,0,0,29850000,0,29850000,,,192320000,0.16,0.16
RDDT,2024-12-31,Quarter,427710000,31850000,395860000,342990000,52870000,17120000,0,69990000,-1050000,0,0,0,71040000,0,71040000,,,199060000,0.36,4.76
RDDT,2025-03-31,Quarter,392360000,37090000,355270000,351370000,3900000,20530000,0,24440000,-1720000,0,0,0,26160000,0,26160000,,,201280000,0.13,0.13
RDDT,2025-06-30,Quarter,499630000,45900000,453730000,386020000,67710000,21150000,0,88860000,-440000,0,0,0,89300000,0,89300000,,,199520000,0.45,0.45
RDDT,2025-09-30,Quarter,584910000,52510000,532400000,393860000,138540000,22040000,0,160580000,-2090000,0,0,0,162660000,0,162660000,,,202730000,0.80,0.80
RTX,2020-03-31,Quarter,18210000000,13408000000,4802000000,2995000000,1807000000,-472000000,380000000,955000000,941000000,97000000,0,0,14000000,0,-83000000,,,858000000,1.78,-0.10
RTX,2020-06-30,Quarter,14061000000,12214000000,1847000000,5607000000,-3760000000,237000000,335000000,-3858000000,-38000000,24000000,0,0,-3820000000,9000000,-3835000000,,,1501300000,0.40,-2.55
RTX,2020-09-30,Quarter,14747000000,13004000000,1743000000,1309000000,434000000,253000000,350000000,337000000,152000000,34000000,0,0,185000000,113000000,264000000,,,1514200000,0.58,0.17
RTX,2020-12-31,Quarter,9569000000,9430000000,139000000,509000000,-370000000,884000000,301000000,213000000,-480000000,26000000,0,0,693000000,-532000000,135000000,,,1515400000,0.74,-0.11
RTX,2021-03-31,Quarter,15251000000,12537000000,2714000000,1701000000,1013000000,491000000,346000000,1158000000,345000000,41000000,0,0,813000000,-19000000,753000000,,,1514100000,0.90,0.50
RTX,2021-06-30,Quarter,15880000000,12655000000,3225000000,1943000000,1282000000,490000000,342000000,1430000000,342000000,48000000,0,0,1088000000,-8000000,1032000000,,,1513500000,1.03,0.68
RTX,2021-09-30,Quarter,16213000000,13089000000,3124000000,1781000000,1343000000,491000000,358000000,1476000000,3000000,73000000,0,0,1473000000,-7000000,1393000000,,,1505900000,1.26,0.93
RTX,2021-12-31,Quarter,17044000000,13616000000,3428000000,2108000000,1320000000,-177000000,276000000,867000000,96000000,86000000,0,0,771000000,1000000,686000000,,,1500200000,1.08,0.45
RTX,2022-03-31,Quarter,15716000000,12560000000,3156000000,2076000000,1080000000,480000000,318000000,1242000000,116000000,23000000,0,0,1126000000,-19000000,1084000000,,,1497900000,1.15,0.72
RTX,2022-06-30,Quarter,16314000000,12856000000,3458000000,2105000000,1353000000,474000000,329000000,1498000000,160000000,34000000,0,0,1338000000,0,1304000000,,,1489600000,1.16,0.88
RTX,2022-09-30,Quarter,16951000000,13464000000,3487000000,2007000000,1480000000,468000000,311000000,1637000000,242000000,8000000,0,0,1395000000,0,1387000000,,,1479300000,1.21,0.94
RTX,2022-12-31,Quarter,18093000000,14526000000,3567000000,2066000000,1501000000,467000000,318000000,1650000000,182000000,46000000,0,0,1468000000,0,1422000000,,,1476300000,1.27,0.96
RTX,2023-03-31,Quarter,17214000000,13645000000,3569000000,1917000000,1652000000,444000000,315000000,1781000000,300000000,55000000,0,0,1481000000,0,1426000000,,,1474200000,1.22,0.97
RTX,2023-06-30,Quarter,18315000000,14518000000,3797000000,2339000000,1458000000,447000000,333000000,1572000000,213000000,32000000,0,0,1359000000,0,1327000000,,,1468700000,1.29,0.90
RTX,2023-09-30,Quarter,13464000000,12750000000,714000000,2110000000,-1396000000,443000000,369000000,-1322000000,-389000000,51000000,0,0,-933000000,0,-984000000,,,1448100000,1.25,-0.68
RTX,2023-12-31,Quarter,19927000000,15918000000,4009000000,2162000000,1847000000,446000000,488000000,1805000000,332000000,47000000,0,0,1473000000,0,1426000000,,,1361700000,1.29,1.04
RTX,2024-03-31,Quarter,19305000000,15744000000,3561000000,1691000000,1870000000,386000000,405000000,1851000000,108000000,34000000,0,0,1743000000,0,1709000000,,,1337300000,1.34,1.28
RTX,2024-06-30,Quarter,19721000000,16141000000,3580000000,3051000000,529000000,374000000,475000000,428000000,253000000,64000000,0,0,175000000,0,111000000,,,1342100000,1.41,0.08
RTX,2024-09-30,Quarter,20089000000,16055000000,4034000000,2006000000,2028000000,374000000,496000000,1906000000,371000000,63000000,0,0,1535000000,0,1472000000,,,1346200000,1.45,1.09
RTX,2024-12-31,Quarter,21623000000,17388000000,4235000000,2124000000,2111000000,384000000,486000000,2009000000,449000000,78000000,0,0,1560000000,0,1482000000,,,1348900000,1.54,1.10
RTX,2025-03-31,Quarter,20306000000,16190000000,4116000000,2081000000,2035000000,366000000,443000000,1958000000,333000000,90000000,0,0,1625000000,0,1535000000,,,1351800000,1.47,1.14
RTX,2025-06-30,Quarter,21581000000,17205000000,4376000000,2230000000,2146000000,351000000,457000000,2040000000,315000000,68000000,0,0,1725000000,0,1657000000,,,1354000000,1.56,1.22
RTX,2025-09-30,Quarter,22478000000,17898000000,4580000000,2057000000,2523000000,364000000,449000000,2438000000,432000000,88000000,0,0,2006000000,0,1918000000,,,1358400000,1.70,1.41
SBUX,2020-03-31,Quarter,5995700000,1997700000,3998000000,3510600000,487400000,2000000,99200000,390200000,65400000,-3600000,0,0,324800000,0,328400000,,,1180700000,0.32,0.28
SBUX,2020-06-30,Quarter,4222100000,1484000000,2738100000,3442000000,-703900000,12700000,120800000,-812000000,-133900000,300000,0,0,-678100000,0,-678400000,,,1168500000,-0.46,-0.58
SBUX,2020-09-30,Quarter,6203100000,1976800000,4226300000,3667900000,558400000,9100000,125100000,442400000,49700000,100000,0,0,392700000,0,392600000,,,1179000000,0.51,0.35
SBUX,2020-12-31,Quarter,6749400000,2049100000,4700300000,3786800000,913500000,15500000,120700000,808300000,186100000,0,0,0,622200000,0,622200000,,,1183000000,0.61,0.53
SBUX,2021-03-31,Quarter,6668000000,1992400000,4675600000,3688000000,987600000,17300000,115000000,889900000,230500000,0,0,0,659400000,0,659400000,,,1184800000,0.62,0.56
SBUX,2021-06-30,Quarter,7496500000,2206000000,5290500000,3801800000,1488700000,36000000,113400000,1411300000,257100000,800000,0,0,1154200000,0,1153400000,,,1186200000,1.01,0.97
SBUX,2021-09-30,Quarter,8146700000,2491200000,5655500000,4173200000,1482300000,885800000,120700000,2247400000,482900000,200000,0,0,1764500000,0,1764300000,,,1187900000,1.00,1.48
SBUX,2021-12-31,Quarter,8050400000,2526900000,5523500000,4345700000,1177800000,-100000,115300000,1062400000,246300000,200000,0,0,816100000,0,815900000,,,1176600000,0.72,0.69
SBUX,2022-03-31,Quarter,7635600000,2465800000,5169800000,4220900000,948900000,46300000,119100000,876100000,201100000,500000,0,0,675000000,0,674500000,,,1153900000,0.59,0.58
SBUX,2022-06-30,Quarter,8150100000,2613600000,5536500000,4241000000,1295500000,19800000,123100000,1192200000,278500000,800000,0,0,913700000,0,912900000,,,1151000000,0.84,0.79
SBUX,2022-09-30,Quarter,8414200000,2711100000,5703100000,4507500000,1195600000,31000000,125400000,1101200000,222600000,300000,0,0,878600000,0,878300000,,,1152500000,0.81,0.77
SBUX,2022-12-31,Quarter,8713900000,2810200000,5903700000,4650600000,1253100000,11600000,129700000,1135000000,279800000,0,0,0,855200000,0,855200000,,,1152900000,0.75,0.74
SBUX,2023-03-31,Quarter,8719800000,2801700000,5918100000,4590600000,1327500000,18400000,136300000,1209600000,301300000,0,0,0,908300000,0,908300000,,,1152700000,0.74,0.79
SBUX,2023-06-30,Quarter,9168300000,2864200000,6304100000,4720200000,1583900000,21300000,140900000,1464300000,322400000,200000,0,0,1141900000,0,1141700000,,,1150500000,1.00,0.99
SBUX,2023-09-30,Quarter,9373600000,2933000000,6440600000,4734300000,1706300000,29900000,143200000,1593000000,373700000,0,0,0,1219300000,0,1219300000,,,1149400000,1.06,1.06
SBUX,2023-12-31,Quarter,9425300000,2980600000,6444700000,4959300000,1485400000,33800000,140100000,1379100000,354700000,0,0,0,1024400000,0,1024400000,,,1140600000,0.90,0.90
SBUX,2024-03-31,Quarter,8563000000,2648700000,5914300000,4815400000,1098900000,34100000,140600000,992400000,219900000,100000,0,0,772500000,0,772400000,,,1135400000,0.68,0.68
SBUX,2024-06-30,Quarter,9113900000,2740900000,6373000000,4855500000,1517500000,28100000,141300000,1404300000,348600000,900000,0,0,1055700000,0,1054800000,,,1135800000,0.93,0.93
SBUX,2024-09-30,Quarter,9074000000,2810400000,6263600000,4956600000,1307000000,26800000,140000000,1193800000,284100000,400000,0,0,909700000,0,909300000,,,1137300000,0.80,0.80
SBUX,2024-12-31,Quarter,9397800000,2893700000,6504100000,5382400000,1121700000,27800000,127200000,1022300000,241400000,100000,0,0,780900000,0,780800000,,,1138400000,0.69,0.69
SBUX,2025-03-31,Quarter,8761600000,2737600000,6024000000,5423000000,601000000,28400000,127300000,502100000,118000000,-100000,0,0,384100000,0,384200000,,,1140000000,0.41,0.34
SBUX,2025-06-30,Quarter,9456000000,2955500000,6500500000,5564900000,935600000,25600000,142300000,818900000,260400000,200000,0,0,558500000,0,558300000,,,1139800000,0.50,0.49
SBUX,2025-09-30,Quarter,9569000000,3071400000,6497600000,6219300000,278300000,31500000,145800000,164000000,30800000,100000,0,0,133200000,0,133100000,,,1140900000,0.52,0.11
SG,2020-03-31,Quarter,447500000,539800000,-92300000,36000000,-128300000,0,7800000,-136100000,-14800000,200000,0,0,-121300000,0,-121500000,,,127160000,-0.98,-0.96
SG,2020-06-30,Quarter,394500000,354700000,39800000,27900000,11900000,0,7900000,4000000,11200000,-200000,0,0,-7200000,0,-7000000,,,115280000,-0.15,-0.12
SG,2020-09-30,Quarter,396200000,430300000,-34100000,38300000,-72400000,0,8100000,-80500000,23500000,200000,0,0,-104000000,0,-104200000,,,115300000,-0.83,-0.83
SG,2021-12-31,Quarter,96430000,84090000,12330000,60110000,-47780000,-18230000,20000,-66030000,150000,0,0,0,-66180000,0,-66180000,,,57910000,-1.14,-1.14
SG,2022-03-31,Quarter,102590000,89290000,13300000,62870000,-49570000,410000,20000,-49180000,20000,0,0,0,-49200000,0,-49200000,,,109470000,-0.45,-0.45
SG,2022-06-30,Quarter,124920000,101870000,23050000,65260000,-42210000,2210000,20000,-40010000,20000,0,0,0,-40030000,0,-40030000,,,109680000,-0.36,-0.36
SG,2022-09-30,Quarter,124030000,104200000,19820000,69130000,-49310000,1950000,20000,-47380000,20000,0,0,0,-47400000,0,-47400000,,,110380000,-0.33,-0.43
SG,2022-12-31,Quarter,118570000,105450000,13120000,65380000,-52260000,-250000,20000,-52530000,1290000,0,0,0,-53810000,0,-53810000,,,110930000,-0.44,-0.49
SG,2023-03-31,Quarter,125060000,108130000,16940000,52260000,-35320000,2000000,20000,-33340000,320000,0,0,0,-33660000,0,-33660000,,,111300000,-0.29,-0.30
SG,2023-06-30,Quarter,152530000,121440000,31090000,62340000,-31250000,4320000,20000,-26940000,320000,0,0,0,-27260000,0,-27260000,,,111590000,-0.20,-0.24
SG,2023-09-30,Quarter,153430000,124320000,29110000,55600000,-26490000,1770000,20000,-24740000,320000,0,0,0,-25060000,0,-25060000,,,112180000,-0.22,-0.22
SG,2023-12-31,Quarter,153030000,128250000,24780000,54070000,-29290000,1370000,70000,-27990000,-570000,0,0,0,-27410000,0,-27410000,,,112520000,-0.24,-0.25
SG,2024-03-31,Quarter,157850000,129310000,28540000,55460000,-26920000,960000,20000,-25980000,90000,0,0,0,-26070000,0,-26070000,,,112770000,-0.23,-0.23
SG,2024-06-30,Quarter,184640000,143120000,41520000,57710000,-16190000,2010000,200000,-14370000,90000,0,0,0,-14460000,0,-14460000,,,113580000,-0.13,-0.13
SG,2024-09-30,Quarter,173430000,138490000,34940000,56120000,-21180000,470000,30000,-20730000,90000,0,0,0,-20820000,0,-20820000,,,114750000,-0.18,-0.18
SG,2024-12-31,Quarter,160900000,132950000,27950000,59390000,-31440000,840000,10000,-30600000,-1570000,0,0,0,-29030000,0,-29030000,,,116060000,-0.25,-0.25
SG,2025-03-31,Quarter,166300000,136620000,29690000,58230000,-28540000,3590000,0,-24950000,90000,0,0,0,-25040000,0,-25040000,,,117310000,-0.21,-0.21
SG,2025-06-30,Quarter,185580000,150460000,35120000,61550000,-26430000,3360000,10000,-23070000,90000,0,0,0,-23160000,0,-23160000,,,117830000,-0.20,-0.20
SG,2025-09-30,Quarter,172390000,149880000,22510000,58780000,-36270000,230000,10000,-36060000,90000,0,0,0,-36150000,0,-36150000,,,118280000,-0.27,-0.31
SHOP,2020-03-31,Quarter,470000000,213050000,256950000,330190000,-73240000,13110000,0,-60120000,-28700000,0,0,0,-31430000,0,-31430000,,,116810000,-0.23,-0.27
SHOP,2020-06-30,Quarter,714340000,339310000,375030000,374750000,280000,4080000,0,4370000,-31630000,0,0,0,36000000,0,36000000,,,122750000,0.43,0.29
SHOP,2020-09-30,Quarter,767410000,362260000,405150000,354590000,50560000,137040000,1240000,186370000,-4700000,0,0,0,191070000,0,191070000,,,124910000,0.52,1.54
SHOP,2020-12-31,Quarter,977740000,473360000,504390000,391850000,112540000,5060000,7850000,109750000,-14120000,0,0,0,123870000,0,123870000,,,125460000,1.15,1.03
SHOP,2021-03-31,Quarter,988650000,429930000,558720000,439820000,118900000,1251520000,870000,1369540000,111100000,0,0,0,1258450000,0,1258450000,,,126670000,1.32,9.94
SHOP,2021-06-30,Quarter,1119450000,498590000,620860000,481420000,139440000,780740000,870000,919320000,40220000,0,0,0,879090000,0,879090000,,,127480000,1.52,6.90
SHOP,2021-09-30,Quarter,1123740000,514830000,608910000,613010000,-4100000,1345430000,870000,1340450000,192020000,0,0,0,1148430000,0,1148430000,,,127620000,0.14,9.00
SHOP,2021-12-31,Quarter,1380020000,687360000,692660000,678250000,14410000,-502250000,880000,-488720000,-117410000,0,0,0,-371310000,0,-371310000,,,125740000,0.62,-2.94
SHOP,2022-03-31,Quarter,1203620000,565990000,637640000,735610000,-97970000,-1554010000,870000,-1652860000,-178450000,0,0,0,-1474410000,0,-1474410000,,,126010000,-0.67,-11.70
SHOP,2022-06-30,Quarter,1295060000,639420000,655640000,845850000,-190210000,-1007170000,870000,-1198250000,5660000,0,0,0,-1203910000,0,-1203910000,,,1262010000,-0.14,-0.95
SHOP,2022-09-30,Quarter,1366200000,703870000,662330000,1007700000,-345370000,189110000,880000,-157130000,1280000,0,0,0,-158410000,0,-158410000,,,1269430000,-0.14,-0.12
SHOP,2022-12-31,Quarter,1734980000,936470000,798510000,987260000,-188750000,-1321140000,880000,-614610000,9090000,0,0,0,-623690000,0,-623690000,,,1273340000,-0.04,-0.49
SHOP,2023-03-31,Quarter,1508000000,791000000,717000000,910000000,-193000000,269000000,0,76000000,8000000,0,0,0,68000000,0,68000000,,,1291680000,-0.08,0.05
SHOP,2023-06-30,Quarter,1694000000,859000000,835000000,2471000000,-1636000000,335000000,0,-1301000000,10000000,0,0,0,-1311000000,0,-1311000000,,,1280410000,-0.08,-1.02
SHOP,2023-09-30,Quarter,1714000000,813000000,901000000,779000000,122000000,606000000,0,728000000,10000000,0,0,0,718000000,0,718000000,,,1295830000,0.17,0.55
SHOP,2023-12-31,Quarter,2144000000,1082000000,1062000000,773000000,289000000,398000000,0,682000000,25000000,0,0,0,657000000,0,657000000,,,1297300000,0.26,0.52
SHOP,2024-03-31,Quarter,1861000000,904000000,957000000,871000000,86000000,-342000000,0,-256000000,17000000,0,0,0,-273000000,0,-273000000,,,1287380000,0.12,-0.21
SHOP,2024-06-30,Quarter,2045000000,1000000000,1045000000,804000000,241000000,-38000000,0,203000000,32000000,0,0,0,171000000,0,171000000,,,1299910000,0.18,0.13
SHOP,2024-09-30,Quarter,2162000000,1044000000,1118000000,835000000,283000000,577000000,0,860000000,32000000,0,0,0,828000000,0,828000000,,,1301600000,0.27,0.64
SHOP,2024-12-31,Quarter,2812000000,1460000000,1352000000,887000000,465000000,956000000,0,1421000000,128000000,0,0,0,1293000000,0,1293000000,,,1293000000,0.34,0.99
SHOP,2025-03-31,Quarter,2360000000,1191000000,1169000000,966000000,203000000,-973000000,0,-770000000,-88000000,0,0,0,-682000000,0,-682000000,,,1295380000,0.18,-0.53
SHOP,2025-06-30,Quarter,2680000000,1378000000,1302000000,1011000000,291000000,788000000,0,1079000000,173000000,0,0,0,906000000,0,906000000,,,1308990000,0.25,0.69
SHOP,2025-09-30,Quarter,2844000000,1453000000,1391000000,1048000000,343000000,-35000000,0,308000000,44000000,0,0,0,264000000,0,264000000,,,1312870000,0.27,0.20
SLB,2020-03-31,Quarter,7455000000,6624000000,831000000,300000000,531000000,-8484000000,136000000,-8089000000,-721000000,8000000,0,0,-7368000000,0,-7376000000,,,1387000000,0.25,-5.32
SLB,2020-06-30,Quarter,5356000000,4925000000,431000000,223000000,208000000,-3691000000,144000000,-3627000000,-199000000,6000000,0,0,-3428000000,0,-3434000000,,,1388000000,0.05,-2.47
SLB,2020-09-30,Quarter,5258000000,4624000000,634000000,222000000,412000000,-328000000,138000000,-54000000,19000000,9000000,0,0,-73000000,0,-82000000,,,1391000000,0.16,-0.06
SLB,2020-12-31,Quarter,5532000000,4827000000,705000000,200000000,505000000,8000000,145000000,472000000,89000000,9000000,0,0,383000000,0,374000000,,,1411000000,0.22,0.28
SLB,2021-03-31,Quarter,5223000000,4504000000,719000000,216000000,503000000,19000000,136000000,386000000,74000000,13000000,0,0,312000000,0,299000000,,,1419000000,0.21,0.21
SLB,2021-06-30,Quarter,5634000000,4768000000,866000000,204000000,662000000,16000000,136000000,542000000,99000000,12000000,0,0,443000000,0,431000000,,,1421000000,0.30,0.30
SLB,2021-09-30,Quarter,5847000000,4862000000,985000000,220000000,765000000,56000000,130000000,691000000,129000000,12000000,0,0,562000000,0,550000000,,,1424000000,0.36,0.39
SLB,2021-12-31,Quarter,6225000000,5137000000,1088000000,253000000,835000000,57000000,137000000,755000000,144000000,10000000,0,0,611000000,0,601000000,,,1430000000,0.41,0.42
SLB,2022-03-31,Quarter,5962000000,5013000000,949000000,238000000,711000000,50000000,123000000,638000000,118000000,10000000,0,0,520000000,0,510000000,,,1434000000,0.34,0.36
SLB,2022-06-30,Quarter,6773000000,5568000000,1205000000,240000000,965000000,311000000,124000000,1152000000,182000000,11000000,0,0,970000000,0,959000000,,,1436000000,0.50,0.67
SLB,2022-09-30,Quarter,7477000000,6042000000,1435000000,254000000,1181000000,75000000,122000000,1134000000,215000000,12000000,0,0,919000000,0,907000000,,,1439000000,0.63,0.63
SLB,2022-12-31,Quarter,7879000000,6307000000,1572000000,278000000,1294000000,174000000,121000000,1347000000,264000000,18000000,0,0,1083000000,0,1065000000,,,1442000000,0.71,0.73
SLB,2023-03-31,Quarter,7736000000,6285000000,1451000000,265000000,1186000000,92000000,117000000,1161000000,217000000,10000000,0,0,944000000,0,934000000,,,1446000000,0.63,0.65
SLB,2023-06-30,Quarter,8099000000,6502000000,1597000000,259000000,1338000000,82000000,127000000,1293000000,246000000,14000000,0,0,1047000000,0,1033000000,,,1442000000,0.72,0.72
SLB,2023-09-30,Quarter,8310000000,6592000000,1718000000,267000000,1451000000,73000000,129000000,1395000000,259000000,13000000,0,0,1136000000,0,1123000000,,,1442000000,0.78,0.78
SLB,2023-12-31,Quarter,8990000000,7193000000,1797000000,284000000,1513000000,95000000,130000000,1433000000,285000000,35000000,0,0,1148000000,0,1113000000,,,1446000000,0.86,0.76
SLB,2024-03-31,Quarter,8707000000,7007000000,1700000000,314000000,1386000000,84000000,113000000,1357000000,259000000,30000000,0,0,1098000000,0,1068000000,,,1447000000,0.75,0.74
SLB,2024-06-30,Quarter,9139000000,7262000000,1877000000,409000000,1468000000,85000000,132000000,1421000000,276000000,33000000,0,0,1145000000,0,1112000000,,,1443000000,0.85,0.77
SLB,2024-09-30,Quarter,9159000000,7237000000,1922000000,375000000,1547000000,96000000,136000000,1507000000,289000000,32000000,0,0,1218000000,0,1186000000,,,1432000000,0.89,0.83
SLB,2024-12-31,Quarter,9284000000,7323000000,1961000000,558000000,1403000000,115000000,131000000,1387000000,269000000,23000000,0,0,1118000000,0,1095000000,,,1420000000,0.92,0.77
SLB,2025-03-31,Quarter,8490000000,6884000000,1606000000,474000000,1132000000,78000000,147000000,1063000000,234000000,32000000,0,0,829000000,0,797000000,,,1380000000,0.72,0.58
SLB,2025-06-30,Quarter,8546000000,6934000000,1612000000,437000000,1175000000,252000000,142000000,1285000000,237000000,34000000,0,0,1048000000,0,1014000000,,,1366000000,0.74,0.74
SLB,2025-09-30,Quarter,8928000000,7370000000,1558000000,494000000,1064000000,78000000,142000000,1000000000,226000000,35000000,0,0,774000000,0,739000000,,,1488000000,0.69,0.50
SNAP,2020-03-31,Quarter,462480000,253410000,209070000,495430000,-286360000,-3800000,15110000,-305280000,660000,0,0,0,-305940000,0,-305940000,,,1426310000,-0.21,-0.21
SNAP,2020-06-30,Quarter,454160000,250450000,203700000,514310000,-310610000,8340000,24730000,-326990000,-1040000,0,0,0,-325950000,0,-325950000,,,1447020000,-0.22,-0.23
SNAP,2020-09-30,Quarter,678670000,293100000,385570000,553440000,-167870000,-2870000,28210000,-198940000,910000,0,0,0,-199850000,0,-199850000,,,1466420000,-0.14,-0.14
SNAP,2020-12-31,Quarter,911320000,385550000,525780000,623020000,-97240000,31440000,29180000,-94970000,18130000,0,0,0,-113100000,0,-113100000,,,1484280000,-0.07,-0.07
SNAP,2021-03-31,Quarter,769580000,412600000,356980000,660590000,-303610000,23200000,5030000,-285440000,1440000,0,0,0,-286880000,0,-286880000,,,1501640000,-0.19,-0.19
SNAP,2021-06-30,Quarter,982110000,445020000,537090000,729600000,-192510000,43530000,4560000,-153540000,-1880000,0,0,0,-151660000,0,-151660000,,,1547230000,-0.10,-0.10
SNAP,2021-09-30,Quarter,1067470000,443470000,624000000,804820000,-180820000,113890000,4030000,-70970000,990000,0,0,0,-71960000,0,-71960000,,,1580970000,-0.05,-0.05
SNAP,2021-12-31,Quarter,1297890000,449150000,848730000,873870000,-25140000,64760000,4050000,35580000,13030000,0,0,0,22550000,0,22550000,,,1668880000,0.01,0.03
SNAP,2022-03-31,Quarter,1062730000,420900000,641830000,913350000,-271520000,-74410000,5170000,-351110000,8510000,0,0,0,-359620000,0,-359620000,,,1619110000,-0.22,-0.22
SNAP,2022-06-30,Quarter,1110910000,446380000,664530000,1065480000,-400950000,-8580000,5550000,-415070000,7000000,0,0,0,-422070000,0,-422070000,,,1632140000,-0.22,-0.26
SNAP,2022-09-30,Quarter,1128480000,466760000,661720000,1096960000,-435240000,90410000,5430000,-350260000,9240000,0,0,0,-359500000,0,-359500000,,,1608520000,-0.11,-0.22
SNAP,2022-12-31,Quarter,1299740000,481310000,818420000,1106020000,-287600000,8660000,5310000,-284250000,4210000,0,0,0,-288460000,0,-288460000,,,1573880000,-0.08,-0.19
SNAP,2023-03-31,Quarter,988610000,439990000,548620000,913880000,-365260000,49320000,5890000,-321830000,6850000,0,0,0,-328670000,0,-328670000,,,1581370000,-0.19,-0.21
SNAP,2023-06-30,Quarter,1067670000,496870000,570790000,975130000,-404340000,44470000,5340000,-365220000,12090000,0,0,0,-377310000,0,-377310000,,,1603170000,-0.23,-0.24
SNAP,2023-09-30,Quarter,1188550000,555750000,632800000,1012860000,-380060000,23180000,5520000,-362410000,5850000,0,0,0,-368260000,0,-368260000,,,1625920000,-0.21,-0.23
SNAP,2023-12-31,Quarter,1361290000,621500000,739780000,988500000,-248720000,9020000,5280000,-244970000,3280000,0,0,0,-248250000,0,-248250000,,,1638710000,-0.12,-0.14
SNAP,2024-03-31,Quarter,1194770000,574750000,620020000,953260000,-333240000,39820000,4740000,-298160000,6930000,0,0,0,-305090000,0,-305090000,,,1647390000,-0.14,-0.19
SNAP,2024-06-30,Quarter,1236770000,588920000,647850000,901830000,-253980000,15670000,5110000,-243420000,5200000,0,0,0,-248620000,0,-248620000,,,1644740000,-0.13,-0.15
SNAP,2024-09-30,Quarter,1372570000,638910000,733670000,906880000,-173210000,34180000,5880000,-144920000,8330000,0,0,0,-153250000,0,-153250000,,,1663010000,-0.08,-0.09
SNAP,2024-12-31,Quarter,1557280000,671660000,885620000,912500000,-26880000,46950000,5810000,14260000,5160000,0,0,0,9100000,0,9100000,,,1717120000,0.01,0.01
SNAP,2025-03-31,Quarter,1363220000,639580000,723640000,917490000,-193850000,86090000,23400000,-131160000,8430000,0,0,0,-139590000,0,-139590000,,,1696350000,-0.08,-0.08
SNAP,2025-06-30,Quarter,1344930000,653330000,691600000,951280000,-259680000,32380000,27610000,-254910000,7660000,0,0,0,-262570000,0,-262570000,,,1674850000,-0.16,-0.16
SNAP,2025-09-30,Quarter,1506840000,674220000,832620000,960980000,-128360000,59830000,34490000,-103030000,510000,0,0,0,-103540000,0,-103540000,,,1696540000,-0.06,-0.06
SO,2020-03-31,Quarter,5018000000,2607000000,2411000000,1148000000,1263000000,179000000,456000000,986000000,145000000,-31000000,0,0,841000000,0,872000000,,,1057000000,0.78,0.81
SO,2020-06-30,Quarter,4620000000,2242000000,2378000000,1320000000,1058000000,166000000,444000000,626000000,5000000,5000000,0,0,621000000,0,616000000,,,1058000000,0.78,0.58
SO,2020-09-30,Quarter,5620000000,2592000000,3028000000,1193000000,1835000000,184000000,443000000,1576000000,293000000,28000000,0,0,1283000000,0,1255000000,,,1058000000,1.22,1.18
SO,2020-12-31,Quarter,5117000000,3037000000,2080000000,1351000000,729000000,57000000,478000000,308000000,-50000000,-33000000,0,0,358000000,0,391000000,,,1058000000,0.47,0.36
SO,2021-03-31,Quarter,5910000000,3092000000,2818000000,1220000000,1598000000,149000000,450000000,1297000000,190000000,-32000000,0,0,1107000000,0,1139000000,,,1060000000,0.98,1.06
SO,2021-06-30,Quarter,5198000000,2837000000,2361000000,1653000000,708000000,106000000,450000000,364000000,-12000000,0,0,0,376000000,0,376000000,,,1061000000,0.84,0.35
SO,2021-09-30,Quarter,6238000000,3168000000,3070000000,1347000000,1723000000,210000000,451000000,1482000000,372000000,5000000,0,0,1110000000,0,1105000000,,,1061000000,1.23,1.03
SO,2021-12-31,Quarter,5767000000,3955000000,1812000000,2143000000,-331000000,250000000,486000000,-567000000,-283000000,-72000000,0,0,-284000000,0,-212000000,,,1062000000,0.36,-0.20
SO,2022-03-31,Quarter,6648000000,4023000000,2625000000,1241000000,1384000000,242000000,462000000,1164000000,173000000,-45000000,0,0,991000000,0,1036000000,,,1063000000,0.97,0.97
SO,2022-06-30,Quarter,7206000000,4247000000,2959000000,1304000000,1655000000,226000000,488000000,1393000000,304000000,-22000000,0,0,1089000000,0,1111000000,,,1072000000,1.07,1.03
SO,2022-09-30,Quarter,8378000000,5001000000,3377000000,1184000000,2193000000,219000000,511000000,1901000000,414000000,12000000,0,0,1487000000,0,1475000000,,,1082000000,1.31,1.35
SO,2022-12-31,Quarter,7047000000,5187000000,1860000000,1722000000,138000000,188000000,561000000,-235000000,-96000000,-52000000,0,0,-139000000,0,-87000000,,,1090000000,0.26,-0.09
SO,2023-03-31,Quarter,6480000000,3799000000,2681000000,1463000000,1218000000,260000000,582000000,896000000,97000000,-63000000,0,0,799000000,0,862000000,,,1091000000,0.79,0.79
SO,2023-06-30,Quarter,5748000000,3006000000,2742000000,1452000000,1290000000,241000000,610000000,921000000,98000000,-15000000,0,0,823000000,0,838000000,,,1098000000,0.79,0.76
SO,2023-09-30,Quarter,6980000000,3226000000,3754000000,1644000000,2110000000,239000000,620000000,1729000000,297000000,10000000,0,0,1432000000,0,1422000000,,,1092000000,1.42,1.29
SO,2023-12-31,Quarter,6045000000,3514000000,2531000000,1323000000,1208000000,225000000,634000000,799000000,4000000,-59000000,0,0,795000000,0,854000000,,,1092000000,0.64,0.78
SO,2024-03-31,Quarter,6646000000,3402000000,3244000000,1541000000,1703000000,256000000,665000000,1294000000,223000000,-58000000,0,0,1071000000,0,1129000000,,,1094000000,1.03,1.03
SO,2024-06-30,Quarter,6463000000,2979000000,3484000000,1545000000,1939000000,233000000,694000000,1478000000,290000000,-15000000,0,0,1188000000,0,1203000000,,,1102000000,1.09,1.09
SO,2024-09-30,Quarter,7274000000,3321000000,3953000000,1585000000,2368000000,236000000,692000000,1912000000,377000000,0,0,0,1535000000,0,1535000000,,,1097000000,1.43,1.39
SO,2024-12-31,Quarter,6341000000,3680000000,2661000000,1603000000,1058000000,179000000,692000000,545000000,79000000,-68000000,0,0,466000000,0,534000000,,,1098000000,0.50,0.48
SO,2025-03-31,Quarter,7775000000,4034000000,3741000000,1731000000,2010000000,254000000,714000000,1550000000,280000000,-64000000,0,0,1270000000,0,1334000000,,,1100000000,1.23,1.21
SO,2025-06-30,Quarter,6973000000,3483000000,3490000000,1726000000,1764000000,252000000,874000000,1142000000,289000000,-27000000,0,0,853000000,0,880000000,,,1108000000,0.91,0.79
SO,2025-09-30,Quarter,7823000000,3519000000,4304000000,1710000000,2594000000,272000000,755000000,2111000000,404000000,-4000000,0,0,1707000000,0,1711000000,,,1102000000,1.60,1.54
SPG,2020-03-31,Quarter,1353360000,247600000,1105760000,450890000,654870000,-19050000,187630000,448190000,-5780000,66970000,51430000,0,505400000,0,438440000,,,306500000,1.43,1.43
SPG,2020-06-30,Quarter,1062040000,201920000,860120000,409250000,450870000,200000,197060000,254010000,-60000,35500000,36480000,0,290550000,0,255050000,,,305880000,0.83,0.83
SPG,2020-09-30,Quarter,1060670000,222520000,838160000,434140000,404020000,-1280000,201860000,200890000,2780000,21890000,-29460000,0,168650000,0,146760000,,,305910000,0.48,0.48
SPG,2020-12-31,Quarter,1131430000,215120000,916310000,454260000,462050000,490000,197850000,264690000,-1570000,40410000,46470000,0,312730000,0,272320000,,,363050000,0.86,0.85
SPG,2021-03-31,Quarter,1239950000,223990000,1015970000,411360000,604610000,-6160000,202020000,396440000,-5900000,63770000,108130000,0,510460000,0,446690000,,,328510000,1.36,1.36
SPG,2021-06-30,Quarter,1254150000,229800000,1024340000,419620000,604720000,20000,200420000,404330000,47000000,87780000,348550000,0,705870000,0,618090000,,,328590000,1.56,1.88
SPG,2021-09-30,Quarter,1296550000,247390000,1049170000,436840000,612330000,126290000,199770000,538840000,67260000,97880000,307070000,0,778650000,0,680770000,,,328620000,2.07,2.07
SPG,2021-12-31,Quarter,1326140000,269890000,1056250000,464710000,591540000,205440000,193500000,603460000,48830000,69650000,19100000,0,573730000,0,504080000,,,328620000,1.53,1.53
SPG,2022-03-31,Quarter,1295920000,237660000,1058260000,437870000,620390000,-29540000,185160000,405690000,-1440000,60850000,81180000,0,488310000,0,427460000,,,328610000,1.30,1.30
SPG,2022-06-30,Quarter,1279840000,244450000,1035400000,408630000,626770000,-35690000,187320000,403750000,24350000,71900000,190070000,0,569480000,0,497580000,,,328450000,1.51,1.51
SPG,2022-09-30,Quarter,1315790000,252430000,1063360000,411160000,652200000,-14560000,187880000,449760000,8260000,81980000,180350000,0,621850000,0,539870000,,,327290000,1.65,1.65
SPG,2022-12-31,Quarter,1399900000,266420000,1133480000,449270000,684210000,145420000,200900000,628720000,52350000,98130000,196370000,0,772750000,0,674620000,,,326950000,2.06,2.06
SPG,2023-03-31,Quarter,1350850000,245080000,1105770000,443050000,662720000,20610000,199430000,483900000,-13450000,66590000,21900000,0,519260000,0,452660000,,,327410000,1.38,1.38
SPG,2023-06-30,Quarter,1369600000,253100000,1116500000,458570000,657930000,1260000,218090000,441100000,10490000,70330000,90460000,0,521070000,36440000,487180000,,,374420000,1.49,1.49
SPG,2023-09-30,Quarter,1410950000,274660000,1136290000,442060000,694230000,146480000,212210000,628500000,43220000,85790000,95480000,0,680760000,0,594970000,,,327160000,1.82,1.82
SPG,2023-12-31,Quarter,1527440000,255540000,1271900000,479760000,792140000,159230000,224920000,726450000,41620000,111180000,174670000,0,859500000,0,748310000,,,325930000,2.29,2.29
SPG,2024-03-31,Quarter,1442590000,261050000,1181540000,446360000,735180000,407580000,230620000,912130000,47600000,108620000,-34340000,0,830190000,10970000,732540000,,,374760000,2.25,2.25
SPG,2024-06-30,Quarter,1458270000,252460000,1205810000,451710000,754100000,-580000,221340000,532180000,4960000,75140000,42210000,0,569440000,0,494300000,,,326040000,1.51,1.51
SPG,2024-09-30,Quarter,1480710000,258130000,1222580000,454810000,767770000,-50570000,226420000,490770000,2610000,70680000,58500000,0,546670000,0,476000000,,,326160000,1.46,1.46
SPG,2024-12-31,Quarter,1582230000,271770000,1310460000,474710000,835750000,1540000,227410000,609870000,-31910000,103690000,140950000,0,782730000,0,668070000,,,326280000,2.04,2.04
SPG,2025-03-31,Quarter,1473010000,274420000,1198600000,470980000,727620000,-60760000,227000000,439860000,-7640000,63330000,30360000,0,477860000,0,414530000,,,377050000,1.27,1.27
SPG,2025-06-30,Quarter,1498460000,271370000,1227090000,482900000,744190000,44440000,232720000,555910000,35110000,86710000,122880000,0,643680000,0,556970000,,,377200000,1.70,1.70
SPG,2025-09-30,Quarter,1601570000,290810000,1310770000,497850000,812920000,3770000,242790000,573890000,15110000,95690000,143920000,0,702700000,0,607010000,,,326490000,1.86,1.86
SQ,2020-03-31,Quarter,1381110000,842610000,538500000,628790000,-90290000,-5860000,9210000,-105360000,540000,0,0,0,-105890000,0,-105890000,,,434940000,-0.19,-0.24
SQ,2020-06-30,Quarter,1923630000,1326860000,596760000,619830000,-23070000,25590000,14770000,-12230000,-750000,0,0,0,-11480000,0,-11480000,,,440120000,-0.02,-0.03
SQ,2020-09-30,Quarter,3033870000,2239420000,794460000,745110000,49350000,780000,14980000,35150000,-1370000,0,0,0,36520000,0,36520000,,,488070000,0.12,0.07
SQ,2020-12-31,Quarter,3158970000,2355280000,803690000,758510000,45180000,271210000,17990000,298410000,4450000,0,0,0,293960000,0,293960000,,,502240000,0.09,0.64
SQ,2021-03-31,Quarter,5057270000,4093770000,963500000,895760000,67740000,-27530000,250000,39960000,950000,0,0,0,39010000,0,39010000,,,501350000,0.19,0.08
SQ,2021-06-30,Quarter,4680670000,3539610000,1141060000,1016070000,124990000,75790000,6460000,194320000,-9360000,-340000,0,0,203680000,0,204020000,,,522580000,0.38,0.40
SQ,2021-09-30,Quarter,3844730000,2711510000,1133220000,1110220000,23000000,-12010000,13410000,-2420000,450000,-2960000,0,0,-2880000,0,80000,,,504120000,0.05,0.00
SQ,2021-12-31,Quarter,4078540000,2896490000,1182040000,1236660000,-54620000,-6780000,13000000,-74390000,6600000,-4160000,0,0,-80980000,0,-76830000,,,462560000,-0.11,-0.15
SQ,2022-03-31,Quarter,3960650000,2665690000,1294960000,1521750000,-226790000,33470000,15750000,-209070000,-1700000,-3160000,0,0,-207360000,0,-204200000,,,541440000,-0.26,-0.38
SQ,2022-06-30,Quarter,4404500000,2934850000,1469650000,1683430000,-213780000,18770000,12970000,-207970000,1300000,-1260000,0,0,-209280000,0,-208010000,,,581350000,-0.19,-0.36
SQ,2022-09-30,Quarter,4515540000,2948450000,1567090000,1615880000,-48790000,18800000,6040000,-36030000,-17290000,-4030000,0,0,-18740000,0,-14710000,,,592670000,0.01,-0.02
SQ,2022-12-31,Quarter,4650900000,2990710000,1660200000,1795380000,-135180000,24410000,1470000,-112250000,5380000,-3800000,0,0,-117620000,0,-113820000,,,622520000,-0.23,-0.17
SQ,2023-03-31,Quarter,4990130000,3275550000,1714580000,1720760000,-6180000,-18370000,-3160000,-21380000,-2060000,-2490000,0,0,-19330000,0,-16840000,,,602230000,0.06,-0.03
SQ,2023-06-30,Quarter,5534960000,3668860000,1866100000,1998210000,-132110000,-1380000,-3940000,-129540000,-3700000,-3340000,0,0,-125840000,0,-122510000,,,606690000,0.00,-0.20
SQ,2023-09-30,Quarter,5617490000,3719040000,1898450000,1908360000,-9910000,4260000,-21420000,15770000,49530000,-4810000,0,0,-33760000,0,-28950000,,,611280000,0.08,-0.05
SQ,2023-12-31,Quarter,5773040000,3747290000,2025750000,2156410000,-130660000,217960000,-18700000,106010000,-51790000,-20270000,0,0,157800000,0,178070000,,,629130000,0.03,0.30
SQ,2024-03-31,Quarter,5957130000,3862660000,2094470000,1844720000,249750000,237820000,-18750000,506310000,35490000,-1190000,0,0,470820000,0,472010000,,,637360000,0.47,0.74
SQ,2024-06-30,Quarter,6155560000,3922080000,2233480000,1926910000,306570000,-59530000,-1870000,248900000,59030000,-5400000,0,0,189870000,0,195270000,,,634220000,0.52,0.31
SQ,2024-09-30,Quarter,5975800000,3726120000,2249690000,1926670000,323020000,14950000,13810000,324150000,43010000,-2620000,0,0,281140000,0,283750000,,,632760000,0.57,0.45
T,2020-03-31,Quarter,42779000000,19281000000,23498000000,16012000000,7486000000,797000000,2018000000,6265000000,1302000000,353000000,0,0,4963000000,0,4610000000,,,7214000000,0.84,0.63
T,2020-06-30,Quarter,40950000000,17983000000,22967000000,19435000000,3532000000,1007000000,2041000000,2498000000,935000000,282000000,0,0,1563000000,0,1281000000,,,7170000000,0.83,0.17
T,2020-09-30,Quarter,42340000000,19839000000,22501000000,16369000000,6132000000,-226000000,1972000000,3934000000,766000000,352000000,0,0,3168000000,0,2816000000,,,7173000000,0.76,0.39
T,2020-12-31,Quarter,45691000000,22817000000,22874000000,33619000000,-10745000000,-2914000000,1894000000,-15553000000,-2038000000,368000000,0,0,-13515000000,0,-13883000000,,,7176000000,0.75,-1.94
T,2021-03-31,Quarter,43939000000,21087000000,22852000000,15191000000,7661000000,4273000000,1870000000,10064000000,2122000000,392000000,0,0,7942000000,0,7550000000,,,7188000000,0.86,1.04
T,2021-06-30,Quarter,44045000000,21099000000,22946000000,19677000000,3269000000,1040000000,1684000000,2625000000,751000000,304000000,0,0,1874000000,0,1570000000,,,7200000000,0.89,0.21
T,2021-09-30,Quarter,39922000000,17826000000,22096000000,14987000000,7109000000,2370000000,1667000000,7812000000,1539000000,355000000,0,0,6273000000,0,5918000000,,,7202000000,0.87,0.82
T,2021-12-31,Quarter,40958000000,19795000000,21163000000,15855000000,5308000000,2801000000,1663000000,6446000000,1056000000,347000000,0,0,5390000000,0,5043000000,,,7204000000,0.78,0.69
T,2022-03-31,Quarter,38105000000,17557000000,20548000000,14907000000,5641000000,2688000000,1722000000,6607000000,1443000000,354000000,0,0,5164000000,0,4810000000,,,7556000000,0.77,0.65
T,2022-06-30,Quarter,29643000000,12341000000,17302000000,12346000000,4956000000,2806000000,1502000000,6260000000,1509000000,380000000,0,0,4751000000,-214000000,4157000000,,,7611000000,0.65,0.56
T,2022-09-30,Quarter,30043000000,12201000000,17842000000,11830000000,6012000000,2662000000,1420000000,7254000000,908000000,373000000,0,0,6346000000,53000000,6026000000,,,7647000000,0.68,0.80
T,2022-12-31,Quarter,22950000000,8749000000,14201000000,35397000000,-21196000000,-555000000,1464000000,-23215000000,-80000000,362000000,0,0,-23135000000,-20000000,-23517000000,,,7533000000,0.61,-3.14
T,2023-03-31,Quarter,30139000000,12331000000,17808000000,11806000000,6002000000,1473000000,1708000000,5767000000,1314000000,225000000,0,0,4453000000,0,4228000000,,,7474000000,0.60,0.57
T,2023-06-30,Quarter,29917000000,11827000000,18090000000,11684000000,6406000000,1367000000,1608000000,6165000000,1403000000,273000000,0,0,4762000000,0,4489000000,,,7180000000,0.63,0.61
T,2023-09-30,Quarter,30350000000,12054000000,18296000000,12514000000,5782000000,860000000,1662000000,4980000000,1154000000,331000000,0,0,3826000000,0,3495000000,,,7185000000,0.64,0.48
T,2023-12-31,Quarter,32022000000,13911000000,18111000000,12840000000,5271000000,-609000000,1726000000,2936000000,354000000,394000000,0,0,2582000000,0,2188000000,,,7191000000,0.54,0.31
T,2024-03-31,Quarter,30028000000,11954000000,18074000000,12227000000,5847000000,746000000,1724000000,4869000000,1118000000,306000000,0,0,3751000000,0,3445000000,,,7193000000,0.55,0.47
T,2024-06-30,Quarter,29797000000,11442000000,18355000000,12595000000,5760000000,1030000000,1699000000,5091000000,1142000000,352000000,0,0,3949000000,0,3597000000,,,7198000000,0.57,0.49
T,2024-09-30,Quarter,30213000000,11630000000,18583000000,16467000000,2116000000,989000000,1675000000,1430000000,1285000000,319000000,0,0,145000000,0,-174000000,,,7208000000,0.60,-0.03
T,2024-12-31,Quarter,32298000000,14195000000,18103000000,12777000000,5326000000,1643000000,1661000000,5308000000,900000000,328000000,0,0,4408000000,0,4080000000,,,7215000000,0.54,0.56
T,2025-03-31,Quarter,30626000000,12033000000,18593000000,12839000000,5754000000,1895000000,1658000000,5991000000,1299000000,341000000,0,0,4692000000,0,4351000000,,,7223000000,0.51,0.61
T,2025-06-30,Quarter,30847000000,12150000000,18697000000,12196000000,6501000000,1252000000,1655000000,6098000000,1237000000,361000000,0,0,4861000000,0,4500000000,,,7219000000,0.54,0.62
T,2025-09-30,Quarter,30709000000,11819000000,18890000000,12771000000,6119000000,6234000000,1700000000,10653000000,976000000,363000000,0,0,9677000000,0,9314000000,,,7169000000,0.54,1.29
TEAM,2020-03-31,Quarter,411580000,70660000,340930000,360850000,-19920000,-134500000,12440000,-166860000,-8030000,0,0,0,-158830000,0,-158830000,,,245500000,-0.07,-0.65
TEAM,2020-06-30,Quarter,430480000,70110000,360360000,363650000,-3290000,-379840000,12480000,-395610000,-10390000,0,0,0,-385220000,0,-385220000,,,246910000,-0.06,-1.55
TEAM,2020-09-30,Quarter,459510000,73680000,385820000,373900000,11920000,-23680000,12580000,-24320000,-2770000,0,0,0,-21550000,0,-21550000,,,248020000,0.05,-0.09
TEAM,2020-12-31,Quarter,501360000,79480000,421880000,394160000,27720000,-543640000,91450000,-607370000,14160000,0,0,0,-621530000,0,-621530000,,,249190000,0.05,-2.49
TEAM,2021-03-31,Quarter,568730000,84890000,483840000,414330000,69510000,152130000,10590000,211050000,51210000,0,0,0,159840000,0,159840000,,,255130000,0.09,0.63
TEAM,2021-06-30,Quarter,559540000,97970000,461570000,469100000,-7530000,-198390000,8100000,-214020000,-940000,0,0,0,-213070000,0,-213070000,,,251260000,-0.06,-0.84
TEAM,2021-09-30,Quarter,614020000,98020000,516010000,476360000,39650000,-424650000,7110000,-392120000,7980000,0,0,0,-400100000,0,-400100000,,,252110000,-0.01,-1.59
TEAM,2021-12-31,Quarter,688530000,115160000,573370000,640090000,-66720000,-240000,6080000,-73040000,4430000,0,0,0,-77470000,0,-77470000,,,252960000,-0.24,-0.31
TEAM,2022-03-31,Quarter,740490000,119370000,621120000,637250000,-16130000,-8400000,6020000,-30560000,530000,0,0,0,-31090000,0,-31090000,,,253720000,-0.10,-0.12
TEAM,2022-06-30,Quarter,759840000,133150000,626690000,689940000,-63250000,1010000,6610000,-68860000,36600000,0,0,0,-105460000,0,-105460000,,,254480000,-0.37,-0.40
TEAM,2022-09-30,Quarter,807390000,139390000,668000000,702030000,-34030000,34430000,6120000,-5720000,8030000,0,0,0,-13740000,0,-13740000,,,255170000,-0.16,-0.05
TEAM,2022-12-31,Quarter,872700000,155950000,716760000,816000000,-99240000,2210000,7510000,-104530000,100500000,0,0,0,-205030000,0,-205030000,,,255870000,-0.59,-0.80
TEAM,2023-03-31,Quarter,915450000,168650000,746800000,908360000,-161560000,14100000,7980000,-155440000,53600000,0,0,0,-209040000,0,-209040000,,,256830000,-0.40,-0.81
TEAM,2023-06-30,Quarter,939100000,169780000,769320000,819710000,-50390000,13480000,8540000,-45450000,13510000,0,0,0,-58950000,0,-58950000,,,257390000,-0.21,-0.24
TEAM,2023-09-30,Quarter,977780000,178030000,799750000,818620000,-18870000,16890000,8980000,-10950000,20930000,0,0,0,-31880000,0,-31880000,,,257910000,-0.07,-0.12
TEAM,2023-12-31,Quarter,1060110000,194540000,865570000,914640000,-49070000,17950000,9000000,-40110000,44360000,0,0,0,-84470000,0,-84470000,,,258600000,-0.30,-0.33
TEAM,2024-03-31,Quarter,1189130000,213430000,975700000,957900000,17800000,10420000,8450000,19780000,7020000,0,0,0,12750000,0,12750000,,,261780000,0.10,0.05
TEAM,2024-06-30,Quarter,1131590000,217510000,914090000,981030000,-66940000,20480000,7650000,-54120000,142800000,0,0,0,-196920000,0,-196920000,,,260330000,-0.39,-0.76
TEAM,2024-09-30,Quarter,1187780000,217620000,970160000,1002130000,-31970000,9130000,7320000,-30160000,93610000,0,0,0,-123770000,0,-123770000,,,260480000,-0.34,-0.48
TEAM,2024-12-31,Quarter,1286460000,223130000,1063340000,1120810000,-57470000,17590000,7290000,-47180000,-8980000,0,0,0,-38210000,0,-38210000,,,261150000,-0.12,-0.15
TEAM,2025-03-31,Quarter,1356720000,219680000,1137040000,1149500000,-12460000,12910000,7800000,-7350000,63450000,0,0,0,-70810000,0,-70810000,,,262670000,-0.25,-0.27
TEAM,2025-06-30,Quarter,1384340000,234430000,1149920000,1178400000,-28480000,22420000,8140000,-14190000,9710000,0,0,0,-23900000,0,-23900000,,,262880000,-0.05,-0.08
TEAM,2025-09-30,Quarter,1432550000,257920000,1174630000,1270960000,-96330000,48650000,8640000,-56320000,-4450000,0,0,0,-51870000,0,-51870000,,,262990000,0.00,-0.20
TGT,2020-01-31,Quarter,23398000000,17056000000,6342000000,5145000000,1197000000,-28000000,118000000,1051000000,218000000,0,0,0,833000000,1000000,834000000,,,511900000,1.69,1.62
TGT,2020-04-30,Quarter,19615000000,14510000000,5105000000,4637000000,468000000,-22000000,117000000,329000000,45000000,0,0,0,284000000,0,284000000,,,505800000,0.59,0.56
TGT,2020-07-31,Quarter,22975000000,15673000000,7302000000,5002000000,2300000000,11000000,122000000,2189000000,499000000,0,0,0,1690000000,0,1690000000,,,504400000,3.38,3.35
TGT,2021-01-31,Quarter,28339000000,20485000000,7854000000,6018000000,1836000000,0,106000000,1730000000,350000000,0,0,0,1380000000,0,1380000000,,,506000000,2.67,2.72
TGT,2021-04-30,Quarter,24197000000,16716000000,7481000000,5107000000,2374000000,343000000,108000000,2609000000,512000000,0,0,0,2097000000,0,2097000000,,,503400000,3.69,4.17
TGT,2021-07-31,Quarter,25160000000,17280000000,7880000000,5413000000,2467000000,7000000,104000000,2370000000,553000000,0,0,0,1817000000,0,1817000000,,,497500000,3.64,3.65
TGT,2021-10-31,Quarter,25652000000,18206000000,7446000000,5436000000,2010000000,6000000,105000000,1911000000,423000000,0,0,0,1488000000,0,1488000000,,,489400000,3.03,3.04
TGT,2022-01-31,Quarter,30996000000,22761000000,8235000000,6140000000,2095000000,26000000,104000000,2017000000,473000000,0,0,0,1544000000,0,1544000000,,,480600000,3.19,3.24
TGT,2022-04-30,Quarter,25170000000,18461000000,6709000000,5363000000,1346000000,15000000,112000000,1249000000,240000000,0,0,0,1009000000,0,1009000000,,,467800000,2.19,2.16
TGT,2022-07-31,Quarter,26037000000,20142000000,5895000000,5574000000,321000000,8000000,112000000,217000000,34000000,0,0,0,183000000,0,183000000,,,463600000,0.39,0.39
TGT,2022-10-31,Quarter,26518000000,19680000000,6838000000,5816000000,1022000000,12000000,125000000,909000000,197000000,0,0,0,712000000,0,712000000,,,462500000,1.54,1.54
TGT,2023-01-31,Quarter,31395000000,23946000000,7449000000,6290000000,1159000000,13000000,129000000,1043000000,167000000,0,0,0,876000000,0,876000000,,,462700000,1.89,1.89
TGT,2023-04-30,Quarter,25322000000,18386000000,6936000000,5608000000,1328000000,23000000,147000000,1204000000,254000000,0,0,0,950000000,0,950000000,,,462900000,2.05,2.05
TGT,2023-07-31,Quarter,24773000000,17798000000,6975000000,5778000000,1197000000,16000000,141000000,1072000000,237000000,0,0,0,835000000,0,835000000,,,462500000,1.80,1.80
TGT,2023-10-31,Quarter,25398000000,18149000000,7249000000,5932000000,1317000000,25000000,107000000,1235000000,264000000,0,0,0,971000000,0,971000000,,,462600000,2.10,2.10
TGT,2024-01-31,Quarter,31919000000,23403000000,8516000000,6651000000,1865000000,28000000,107000000,1786000000,404000000,0,0,0,1382000000,0,1382000000,,,463100000,2.98,2.99
TGT,2024-04-30,Quarter,24531000000,17449000000,7082000000,5786000000,1296000000,29000000,106000000,1219000000,277000000,0,0,0,942000000,0,942000000,,,463900000,2.03,2.03
TGT,2024-07-31,Quarter,25452000000,17799000000,7653000000,6018000000,1635000000,20000000,110000000,1545000000,353000000,0,0,0,1192000000,0,1192000000,,,463500000,2.57,2.57
TGT,2024-10-31,Quarter,25668000000,18375000000,7293000000,6125000000,1168000000,28000000,105000000,1091000000,237000000,0,0,0,854000000,0,854000000,,,461500000,1.85,1.85
TGT,2025-01-31,Quarter,30915000000,22879000000,8036000000,6569000000,1467000000,29000000,90000000,1406000000,303000000,0,0,0,1103000000,0,1103000000,,,458400000,2.41,2.41
TGT,2025-04-30,Quarter,23846000000,17128000000,6718000000,5246000000,1472000000,26000000,116000000,1382000000,346000000,0,0,0,1036000000,0,1036000000,,,456500000,1.30,2.27
TGT,2025-07-31,Quarter,25211000000,17903000000,7308000000,5991000000,1317000000,17000000,116000000,1218000000,283000000,0,0,0,935000000,0,935000000,,,455600000,2.05,2.05
TGT,2025-10-31,Quarter,25270000000,18137000000,7133000000,6185000000,948000000,26000000,115000000,859000000,170000000,0,0,0,689000000,0,689000000,,,455100000,1.78,1.51
TJX,2020-01-31,Quarter,12206460000,8741810000,3464660000,2135330000,1329330000,0,3050000,1326280000,341490000,0,0,0,984790000,0,984790000,,,1219370000,0.81,0.80
TJX,2020-04-30,Quarter,4408890000,4414470000,-5580000,1313920000,-1319500000,0,23350000,-1342850000,-455360000,0,0,0,-887490000,0,-887490000,,,1197810000,-0.74,-0.74
TJX,2020-07-31,Quarter,6667580000,5174490000,1493090000,1527770000,-34680000,0,57340000,-92020000,122200000,0,0,0,-214220000,0,-214220000,,,1198630000,-0.18,-0.18
TJX,2021-01-31,Quarter,10943210000,7882570000,3060640000,2193100000,867540000,-312230000,47160000,508140000,182620000,0,0,0,325520000,0,325520000,,,1219480000,0.50,0.28
TJX,2021-04-30,Quarter,10086660000,7255640000,2831030000,2064990000,766040000,0,44690000,721350000,187420000,0,0,0,533930000,0,533930000,,,1221520000,0.44,0.44
TJX,2021-07-31,Quarter,12077060000,8528130000,3548930000,2223690000,1325240000,-242250000,28660000,1054330000,268650000,0,0,0,785680000,0,785680000,,,1220620000,0.79,0.64
TJX,2021-10-31,Quarter,12531890000,8835530000,3696360000,2296650000,1399710000,0,20670000,1379040000,356040000,0,0,0,1023000000,0,1023000000,,,1215690000,0.84,0.84
TJX,2022-01-31,Quarter,13854370000,10094520000,3759850000,2495910000,1263940000,0,21050000,1242900000,302690000,0,0,0,940200000,0,940200000,,,1204650000,0.78,0.78
TJX,2022-04-30,Quarter,11406470000,8223210000,3183260000,2094580000,1088680000,-217620000,18790000,852280000,264800000,0,0,0,587470000,0,587470000,,,1189260000,0.68,0.49
TJX,2022-07-31,Quarter,11843010000,8571550000,3271460000,2174860000,1096600000,0,11010000,1085590000,276250000,0,0,0,809340000,0,809340000,,,1178140000,0.69,0.69
TJX,2022-10-31,Quarter,12166290000,8622560000,3543730000,2184950000,1358780000,0,-430000,1359210000,296410000,0,0,0,1062810000,0,1062810000,,,1172270000,0.86,0.91
TJX,2023-01-31,Quarter,14520230000,10731680000,3788550000,2690610000,1097940000,217620000,-23370000,1338920000,300540000,0,0,0,1038380000,0,1038380000,,,1171000000,0.89,0.88
TJX,2023-04-30,Quarter,11783000000,8374000000,3409000000,2238000000,1171000000,37000000,0,1208000000,317000000,0,0,0,891000000,0,891000000,,,1165000000,0.76,0.76
TJX,2023-07-31,Quarter,12758000000,8910000000,3848000000,2559000000,1289000000,0,-38000000,1327000000,338000000,0,0,0,989000000,0,989000000,,,1161000000,0.85,0.85
TJX,2023-10-31,Quarter,13265000000,9139000000,4126000000,2578000000,1548000000,0,-41000000,1589000000,398000000,0,0,0,1191000000,0,1191000000,,,1158000000,1.03,1.03
TJX,2024-01-31,Quarter,16411000000,11528000000,4883000000,3094000000,1789000000,-37000000,-91000000,1843000000,440000000,0,0,0,1403000000,0,1403000000,,,1152000000,1.12,1.22
TJX,2024-04-30,Quarter,12479000000,8739000000,3740000000,2400000000,1340000000,0,-50000000,1390000000,320000000,0,0,0,1070000000,0,1070000000,,,1146000000,0.93,0.93
TJX,2024-07-31,Quarter,13468000000,9380000000,4088000000,2666000000,1422000000,0,-46000000,1468000000,369000000,0,0,0,1099000000,0,1099000000,,,1144000000,0.96,0.96
TJX,2024-10-31,Quarter,14063000000,9622000000,4441000000,2748000000,1693000000,0,-43000000,1736000000,439000000,0,0,0,1297000000,0,1297000000,,,1141000000,1.14,1.14
TJX,2025-01-31,Quarter,16350000000,11371000000,4979000000,3132000000,1847000000,0,-42000000,1889000000,491000000,0,0,0,1398000000,0,1398000000,,,1138000000,1.23,1.23
TJX,2025-04-30,Quarter,13111000000,9246000000,3865000000,2549000000,1316000000,0,-30000000,1346000000,310000000,0,0,0,1036000000,0,1036000000,,,1132000000,0.92,0.92
TJX,2025-07-31,Quarter,14401000000,9976000000,4425000000,2805000000,1620000000,0,-27000000,1647000000,404000000,0,0,0,1243000000,0,1243000000,,,1128000000,1.10,1.10
TMO,2020-03-31,Quarter,6230000000,3490000000,2740000000,1834000000,906000000,48000000,126000000,828000000,40000000,0,0,0,788000000,0,788000000,,,400000000,2.94,1.97
TMO,2020-06-30,Quarter,6917000000,3540000000,3377000000,1986000000,1391000000,-1000000,137000000,1253000000,97000000,0,0,0,1156000000,0,1156000000,,,398000000,3.89,2.90
TMO,2020-09-30,Quarter,8521000000,4190000000,4331000000,1905000000,2426000000,-30000000,144000000,2252000000,319000000,0,0,0,1933000000,0,1933000000,,,399000000,5.63,4.84
TMO,2020-12-31,Quarter,10550000000,4994000000,5556000000,2485000000,3071000000,-33000000,146000000,2892000000,394000000,0,0,0,2498000000,0,2498000000,,,400000000,7.09,6.25
TMO,2021-03-31,Quarter,9906000000,4697000000,5209000000,2160000000,3049000000,-171000000,125000000,2753000000,416000000,0,0,0,2337000000,0,2337000000,,,397000000,7.21,5.88
TMO,2021-06-30,Quarter,9273000000,4749000000,4524000000,2361000000,2163000000,6000000,122000000,2047000000,219000000,0,0,0,1828000000,0,1828000000,,,396000000,5.60,4.61
TMO,2021-09-30,Quarter,9330000000,4679000000,4651000000,2373000000,2278000000,23000000,128000000,2173000000,271000000,0,0,0,1902000000,0,1902000000,,,397000000,5.76,4.79
TMO,2021-12-31,Quarter,10702000000,5448000000,5254000000,2716000000,2538000000,-509000000,161000000,1868000000,203000000,3000000,-4000000,0,1661000000,0,1658000000,,,398000000,6.54,4.18
TMO,2022-03-31,Quarter,11818000000,6354000000,5464000000,2643000000,2821000000,-145000000,136000000,2540000000,301000000,5000000,-19000000,0,2220000000,0,2215000000,,,395000000,7.25,5.61
TMO,2022-06-30,Quarter,10970000000,6371000000,4599000000,2598000000,2001000000,64000000,148000000,1917000000,198000000,4000000,-51000000,0,1668000000,0,1664000000,,,394000000,5.51,4.22
TMO,2022-09-30,Quarter,10677000000,6375000000,4302000000,2592000000,1710000000,64000000,173000000,1601000000,31000000,3000000,-72000000,0,1498000000,0,1495000000,,,395000000,5.08,3.79
TMO,2022-12-31,Quarter,11450000000,6715000000,4735000000,2874000000,1861000000,185000000,269000000,1777000000,173000000,-2000000,-30000000,0,1574000000,0,1576000000,,,393000000,5.40,4.01
TMO,2023-03-31,Quarter,10710000000,6570000000,4140000000,2577000000,1563000000,100000000,300000000,1363000000,46000000,3000000,-25000000,0,1292000000,0,1289000000,,,388000000,5.03,3.32
TMO,2023-06-30,Quarter,10687000000,6436000000,4251000000,2673000000,1578000000,178000000,326000000,1430000000,52000000,1000000,-16000000,0,1362000000,0,1361000000,,,388000000,5.15,3.51
TMO,2023-09-30,Quarter,10574000000,6258000000,4316000000,2452000000,1864000000,260000000,359000000,1765000000,53000000,-20000000,-17000000,0,1695000000,0,1715000000,,,388000000,5.69,4.42
TMO,2023-12-31,Quarter,10886000000,6493000000,4393000000,2539000000,1854000000,276000000,390000000,1740000000,133000000,-24000000,-1000000,0,1606000000,0,1630000000,,,388000000,5.67,4.20
TMO,2024-03-31,Quarter,10345000000,6140000000,4205000000,2543000000,1662000000,289000000,363000000,1589000000,281000000,4000000,23000000,0,1331000000,0,1327000000,,,384000000,5.11,3.46
TMO,2024-06-30,Quarter,10541000000,6194000000,4347000000,2527000000,1820000000,300000000,354000000,1765000000,128000000,6000000,-84000000,0,1553000000,0,1547000000,,,383000000,5.37,4.04
TMO,2024-09-30,Quarter,10598000000,6270000000,4328000000,2489000000,1839000000,261000000,356000000,1742000000,99000000,0,-14000000,0,1629000000,0,1629000000,,,384000000,5.28,4.25
TMO,2024-12-31,Quarter,11395000000,6573000000,4822000000,2805000000,2017000000,240000000,317000000,1941000000,149000000,-7000000,33000000,0,1825000000,0,1832000000,,,383000000,6.10,4.78
TMO,2025-03-31,Quarter,10364000000,6129000000,4235000000,2518000000,1717000000,206000000,303000000,1620000000,95000000,4000000,-14000000,0,1511000000,0,1507000000,,,379000000,5.15,3.98
TMO,2025-06-30,Quarter,10855000000,6446000000,4409000000,2574000000,1835000000,278000000,404000000,1709000000,92000000,2000000,2000000,0,1619000000,0,1616000000,,,378000000,5.36,4.28
TMO,2025-09-30,Quarter,11122000000,6539000000,4583000000,2643000000,1940000000,232000000,347000000,1826000000,207000000,5000000,2000000,0,1621000000,0,1616000000,,,378000000,5.79,4.27
TMUS,2020-03-31,Quarter,11113000000,4168000000,6945000000,5406000000,1539000000,2000000,284000000,1257000000,306000000,0,0,0,951000000,0,951000000,,,866000000,1.23,1.10
TMUS,2020-06-30,Quarter,17671000000,6765000000,10906000000,10086000000,820000000,-189000000,839000000,-208000000,2000000,0,0,0,-210000000,320000000,110000000,,,1236530000,0.61,0.09
TMUS,2020-09-30,Quarter,19272000000,7681000000,11591000000,9026000000,2565000000,-96000000,809000000,1660000000,407000000,0,0,0,1253000000,0,1253000000,,,1249800000,1.17,1.00
TMUS,2020-12-31,Quarter,20341000000,9652000000,10689000000,8977000000,1712000000,-93000000,798000000,821000000,71000000,0,0,0,750000000,0,750000000,,,1251570000,1.03,0.46
TMUS,2021-03-31,Quarter,19759000000,8526000000,11233000000,9094000000,2139000000,-122000000,838000000,1179000000,246000000,0,0,0,933000000,0,933000000,,,1252780000,0.92,0.74
TMUS,2021-06-30,Quarter,19950000000,8944000000,11006000000,8900000000,2106000000,1000000,852000000,1255000000,277000000,0,0,0,978000000,0,978000000,,,1253720000,0.78,0.78
TMUS,2021-09-30,Quarter,19624000000,8683000000,10941000000,9357000000,1584000000,-58000000,838000000,688000000,-3000000,0,0,0,691000000,0,691000000,,,1256360000,0.55,0.55
TMUS,2021-12-31,Quarter,20785000000,10452000000,10333000000,9270000000,1063000000,0,834000000,229000000,-193000000,0,0,0,422000000,0,422000000,,,1254290000,1.10,0.34
TMUS,2022-03-31,Quarter,20120000000,9673000000,10447000000,8641000000,1806000000,-11000000,864000000,931000000,218000000,0,0,0,713000000,0,713000000,,,1255370000,0.57,0.57
TMUS,2022-06-30,Quarter,19701000000,9168000000,10533000000,9824000000,709000000,-21000000,851000000,-163000000,-55000000,0,0,0,-108000000,0,-108000000,,,1253930000,1.43,-0.09
TMUS,2022-09-30,Quarter,19477000000,8694000000,10783000000,9502000000,1281000000,-3000000,827000000,451000000,-57000000,0,0,0,508000000,0,508000000,,,1270000000,0.40,0.40
TMUS,2022-12-31,Quarter,20273000000,8671000000,11602000000,8855000000,2747000000,2000000,822000000,1927000000,450000000,0,0,0,1477000000,0,1477000000,,,1246880000,1.18,1.18
TMUS,2023-03-31,Quarter,19632000000,7649000000,11983000000,8586000000,3397000000,9000000,835000000,2571000000,631000000,0,0,0,1940000000,0,1940000000,,,1224610000,1.58,1.58
TMUS,2023-06-30,Quarter,19196000000,7004000000,12192000000,8399000000,3793000000,6000000,861000000,2938000000,717000000,0,0,0,2221000000,0,2221000000,,,1195530000,1.86,1.86
TMUS,2023-09-30,Quarter,19252000000,7135000000,12117000000,8521000000,3596000000,41000000,790000000,2847000000,705000000,0,0,0,2142000000,0,2142000000,,,1174390000,1.82,1.82
TMUS,2023-12-31,Quarter,20478000000,8400000000,12078000000,8598000000,3480000000,12000000,849000000,2643000000,629000000,0,0,0,2014000000,0,2014000000,,,1205010000,1.67,1.67
TMUS,2024-03-31,Quarter,19594000000,7087000000,12507000000,8509000000,3998000000,20000000,880000000,3138000000,764000000,0,0,0,2374000000,0,2374000000,,,1189090000,2.00,2.00
TMUS,2024-06-30,Quarter,19772000000,6752000000,13020000000,8390000000,4630000000,-8000000,854000000,3768000000,843000000,0,0,0,2925000000,0,2925000000,,,1172450000,2.49,2.49
TMUS,2024-09-30,Quarter,20162000000,7029000000,13133000000,8337000000,4796000000,7000000,836000000,3967000000,908000000,0,0,0,3059000000,0,3059000000,,,1170650000,2.61,2.61
TMUS,2024-12-31,Quarter,21872000000,8785000000,13087000000,8501000000,4586000000,94000000,841000000,3839000000,858000000,0,0,0,2981000000,0,2981000000,,,1159100000,2.57,2.56
TMUS,2025-03-31,Quarter,20886000000,7400000000,13486000000,8686000000,4800000000,-46000000,916000000,3838000000,885000000,0,0,0,2953000000,0,2953000000,,,1144660000,2.58,2.58
TMUS,2025-06-30,Quarter,21132000000,7376000000,13756000000,8543000000,5213000000,-11000000,922000000,4280000000,1058000000,0,0,0,3222000000,0,3222000000,,,1134850000,2.84,2.84
TMUS,2025-09-30,Quarter,21957000000,7726000000,14231000000,9701000000,4530000000,-78000000,924000000,3528000000,814000000,0,0,0,2714000000,0,2714000000,,,1126630000,2.59,2.41
TSLA,2020-03-31,Quarter,5985000000,4751000000,1234000000,951000000,283000000,-44000000,169000000,70000000,2000000,52000000,0,0,68000000,0,16000000,,,995000000,0.02,0.02
TSLA,2020-06-30,Quarter,6036000000,4769000000,1267000000,940000000,327000000,-7000000,170000000,150000000,21000000,25000000,0,0,129000000,0,104000000,,,1035000000,0.10,0.10
TSLA,2020-09-30,Quarter,8771000000,6708000000,2063000000,1254000000,809000000,-91000000,163000000,555000000,186000000,69000000,0,0,369000000,0,300000000,,,1105000000,0.27,0.27
TSLA,2020-12-31,Quarter,10744000000,8678000000,2066000000,1491000000,575000000,50000000,246000000,379000000,83000000,26000000,0,0,296000000,0,270000000,,,1124000000,0.24,0.25
TSLA,2021-03-31,Quarter,10389000000,8174000000,2215000000,1621000000,594000000,38000000,99000000,533000000,69000000,26000000,0,0,464000000,0,438000000,,,1133000000,0.39,0.39
TSLA,2021-06-30,Quarter,11958000000,9074000000,2884000000,1572000000,1312000000,56000000,75000000,1293000000,115000000,36000000,0,0,1178000000,0,1142000000,,,1119000000,1.02,1.02
TSLA,2021-09-30,Quarter,13757000000,10097000000,3660000000,1656000000,2004000000,4000000,126000000,1882000000,223000000,41000000,0,0,1659000000,0,1618000000,,,1123000000,1.44,1.44
TSLA,2021-12-31,Quarter,15339000000,12872000000,15339000000,2234000000,13105000000,93000000,71000000,15339000000,292000000,22000000,0,0,15339000000,0,15339000000,,,1135000000,2.05,2.05
TSLA,2022-03-31,Quarter,18756000000,13296000000,5460000000,1857000000,3603000000,84000000,61000000,3626000000,346000000,-38000000,0,0,3280000000,0,3318000000,,,1157000000,2.86,2.86
TSLA,2022-06-30,Quarter,16934000000,12700000000,4234000000,1770000000,2464000000,54000000,44000000,2474000000,205000000,10000000,0,0,2269000000,0,2259000000,,,3465000000,0.65,0.65
TSLA,2022-09-30,Quarter,21454000000,16072000000,5382000000,1694000000,3688000000,1000000,53000000,3636000000,305000000,39000000,0,0,3331000000,0,3292000000,,,3468000000,0.95,0.95
TSLA,2022-12-31,Quarter,24318000000,18541000000,5777000000,1876000000,3901000000,115000000,33000000,3983000000,276000000,-7000000,0,0,3707000000,0,3714000000,,,3471000000,1.07,1.07
TSLA,2023-03-31,Quarter,23329000000,18818000000,4511000000,1847000000,2664000000,165000000,29000000,2800000000,261000000,21000000,0,0,2539000000,0,2518000000,,,3468000000,0.73,0.73
TSLA,2023-06-30,Quarter,24927000000,20394000000,4533000000,2134000000,2399000000,566000000,28000000,2937000000,323000000,-89000000,0,0,2614000000,0,2703000000,,,3478000000,0.78,0.78
TSLA,2023-09-30,Quarter,23350000000,19172000000,4178000000,2414000000,1764000000,319000000,38000000,2045000000,167000000,25000000,0,0,1878000000,0,1853000000,,,3493000000,0.53,0.53
TSLA,2023-12-31,Quarter,25167000000,20729000000,4438000000,2374000000,2064000000,188000000,61000000,2191000000,-5752000000,18000000,0,0,7943000000,0,7925000000,,,3492000000,0.57,2.26
TSLA,2024-03-31,Quarter,21301000000,17605000000,3696000000,2525000000,1171000000,458000000,76000000,1553000000,409000000,-27000000,0,0,1144000000,0,1171000000,,,3484000000,0.35,0.34
TSLA,2024-06-30,Quarter,25500000000,20922000000,4578000000,2973000000,1605000000,368000000,86000000,1887000000,393000000,16000000,0,0,1494000000,0,1478000000,,,3481000000,0.42,0.42
TSLA,2024-09-30,Quarter,25182000000,20185000000,4997000000,2280000000,2717000000,159000000,92000000,2784000000,601000000,16000000,0,0,2183000000,0,2167000000,,,3497000000,0.62,0.62
TSLA,2024-12-31,Quarter,25707000000,21528000000,4179000000,2596000000,1583000000,1279000000,96000000,2766000000,434000000,18000000,0,0,2332000000,0,2314000000,,,3517000000,0.66,0.66
TSLA,2025-03-31,Quarter,19335000000,16182000000,3153000000,2754000000,399000000,281000000,91000000,589000000,169000000,11000000,0,0,420000000,0,409000000,,,3521000000,0.15,0.12
TSLA,2025-06-30,Quarter,22496000000,18618000000,3878000000,2955000000,923000000,712000000,86000000,1549000000,359000000,18000000,0,0,1190000000,0,1172000000,,,3519000000,0.27,0.33
TSLA,2025-09-30,Quarter,28095000000,23041000000,5054000000,3430000000,1624000000,411000000,76000000,1959000000,570000000,16000000,0,0,1389000000,0,1373000000,,,3526000000,0.37,0.39
UAL,2020-03-31,Quarter,7979000000,2897000000,5082000000,6054000000,-972000000,-992000000,150000000,-2114000000,-410000000,0,0,0,-1704000000,0,-1704000000,,,248500000,-2.57,-6.86
UAL,2020-06-30,Quarter,1475000000,738000000,737000000,2374000000,-1637000000,-187000000,179000000,-2003000000,-376000000,0,0,0,-1627000000,0,-1627000000,,,280700000,-9.31,-5.79
UAL,2020-09-30,Quarter,2489000000,1048000000,1441000000,3056000000,-1615000000,-388000000,329000000,-2332000000,-491000000,0,0,0,-1841000000,0,-1841000000,,,291000000,-8.16,-6.33
UAL,2020-12-31,Quarter,3412000000,1367000000,2045000000,4180000000,-2135000000,96000000,334000000,-2373000000,-476000000,0,0,0,-1897000000,0,-1897000000,,,297000000,-7.00,-6.32
UAL,2021-03-31,Quarter,3221000000,1599000000,1622000000,3003000000,-1381000000,-34000000,336000000,-1751000000,-394000000,0,0,0,-1357000000,0,-1357000000,,,316600000,-7.50,-4.29
UAL,2021-06-30,Quarter,5471000000,2081000000,3390000000,3660000000,-270000000,110000000,404000000,-564000000,-130000000,0,0,0,-434000000,0,-434000000,,,323600000,-3.91,-1.34
UAL,2021-09-30,Quarter,7750000000,2576000000,5174000000,4137000000,1037000000,-3000000,431000000,603000000,130000000,0,0,0,473000000,0,473000000,,,329000000,-1.02,1.44
UAL,2021-12-31,Quarter,8192000000,2962000000,5230000000,5638000000,-408000000,-31000000,406000000,-845000000,-199000000,0,0,0,-646000000,0,-646000000,,,323800000,-1.60,-1.91
UAL,2022-03-31,Quarter,7566000000,3202000000,4364000000,5740000000,-1376000000,24000000,400000000,-1752000000,-375000000,0,0,0,-1377000000,0,-1377000000,,,325000000,-4.24,-4.24
UAL,2022-06-30,Quarter,12112000000,4905000000,7207000000,6329000000,878000000,-21000000,398000000,459000000,130000000,0,0,0,329000000,0,329000000,,,330300000,1.43,1.00
UAL,2022-09-30,Quarter,12877000000,4970000000,7907000000,6449000000,1458000000,123000000,428000000,1153000000,211000000,0,0,0,942000000,0,942000000,,,329500000,2.81,2.86
UAL,2022-12-31,Quarter,12400000000,4488000000,7912000000,6535000000,1377000000,200000000,447000000,1130000000,287000000,0,0,0,843000000,0,843000000,,,330400000,2.46,2.61
UAL,2023-03-31,Quarter,11429000000,4491000000,6938000000,6981000000,-43000000,235000000,448000000,-256000000,-62000000,0,0,0,-194000000,0,-194000000,,,327400000,-0.63,-0.59
UAL,2023-06-30,Quarter,14178000000,4105000000,10073000000,8556000000,1517000000,321000000,451000000,1387000000,312000000,0,0,0,1075000000,0,1075000000,,,331500000,5.03,3.24
UAL,2023-09-30,Quarter,14484000000,4618000000,9866000000,8127000000,1739000000,191000000,445000000,1485000000,348000000,0,0,0,1137000000,0,1137000000,,,332400000,3.65,3.42
UAL,2023-12-31,Quarter,13626000000,4573000000,9053000000,8055000000,998000000,203000000,430000000,771000000,171000000,0,0,0,600000000,0,600000000,,,331300000,2.00,1.82
UAL,2024-03-31,Quarter,12539000000,4312000000,8227000000,8128000000,99000000,130000000,393000000,-164000000,-40000000,0,0,0,-124000000,0,-124000000,,,328300000,-0.15,-0.38
UAL,2024-06-30,Quarter,14986000000,4461000000,10525000000,8596000000,1929000000,177000000,367000000,1739000000,416000000,0,0,0,1323000000,0,1323000000,,,333900000,4.14,3.96
UAL,2024-09-30,Quarter,14843000000,4409000000,10434000000,8869000000,1565000000,47000000,326000000,1286000000,321000000,0,0,0,965000000,0,965000000,,,332700000,3.33,2.90
UAL,2024-12-31,Quarter,14695000000,20831000000,-6136000000,-7639000000,1503000000,120000000,316000000,1307000000,322000000,0,0,0,985000000,0,985000000,,,334500000,3.26,2.97
UAL,2025-03-31,Quarter,13213000000,4082000000,9131000000,8520000000,611000000,179000000,308000000,478000000,91000000,0,0,0,387000000,0,387000000,,,333000000,0.91,1.16
UAL,2025-06-30,Quarter,15236000000,4316000000,10920000000,9595000000,1325000000,234000000,310000000,1248000000,275000000,0,0,0,973000000,0,973000000,,,327200000,3.87,2.97
UAL,2025-09-30,Quarter,15225000000,4462000000,10763000000,9369000000,1394000000,138000000,278000000,1255000000,306000000,0,0,0,949000000,0,949000000,,,326900000,2.78,2.90
UBER,2020-03-31,Quarter,3543000000,1786000000,1757000000,3020000000,-1263000000,-1795000000,118000000,-3176000000,-242000000,-10000000,-12000000,0,-2946000000,0,-2936000000,,,1724370000,-0.64,-1.70
UBER,2020-06-30,Quarter,2241000000,1252000000,989000000,2596000000,-1607000000,-44000000,110000000,-1761000000,4000000,3000000,-7000000,0,-1772000000,0,-1775000000,,,1738900000,-1.02,-1.02
UBER,2020-09-30,Quarter,3129000000,1614000000,1515000000,2631000000,-1116000000,151000000,112000000,-1077000000,23000000,-19000000,-8000000,0,-1108000000,0,-1089000000,,,1755030000,-0.62,-0.62
UBER,2020-12-31,Quarter,2226000000,502000000,1724000000,2601000000,-877000000,63000000,118000000,-932000000,23000000,6000000,-7000000,0,-962000000,0,-968000000,,,1793080000,-0.54,-0.52
UBER,2021-03-31,Quarter,2903000000,1710000000,1193000000,2717000000,-1524000000,1710000000,115000000,71000000,185000000,-14000000,-8000000,0,-122000000,0,-108000000,,,1858530000,-0.57,-0.06
UBER,2021-06-30,Quarter,3929000000,2099000000,1830000000,3018000000,-1188000000,1943000000,115000000,640000000,-479000000,-32000000,-7000000,0,1112000000,0,1144000000,,,1955980000,0.58,0.58
UBER,2021-09-30,Quarter,4845000000,2438000000,2407000000,2979000000,-572000000,-1832000000,123000000,-2527000000,-101000000,-15000000,-13000000,0,-2439000000,0,-2424000000,,,1898950000,-0.23,-1.28
UBER,2021-12-31,Quarter,5778000000,3104000000,2674000000,3224000000,-550000000,1471000000,130000000,791000000,-97000000,-13000000,-9000000,0,879000000,0,892000000,,,2005590000,0.44,0.47
UBER,2022-03-31,Quarter,6854000000,4026000000,2828000000,3310000000,-482000000,-5557000000,129000000,-6168000000,-232000000,12000000,18000000,0,-5918000000,0,-5930000000,,,1957730000,-0.18,-3.04
UBER,2022-06-30,Quarter,8073000000,5153000000,2920000000,3633000000,-713000000,-1704000000,139000000,-2556000000,77000000,-15000000,17000000,0,-2616000000,0,-2601000000,,,1968880000,-1.33,-1.33
UBER,2022-09-30,Quarter,8343000000,5173000000,3170000000,3665000000,-495000000,-535000000,146000000,-1176000000,58000000,2000000,30000000,0,-1204000000,0,-1206000000,,,1979300000,-0.61,-0.61
UBER,2022-12-31,Quarter,8607000000,5307000000,3300000000,3442000000,-142000000,767000000,151000000,474000000,-84000000,4000000,42000000,0,600000000,0,596000000,,,2060580000,0.29,0.33
UBER,2023-03-31,Quarter,8823000000,5259000000,3564000000,3826000000,-262000000,292000000,168000000,-138000000,55000000,0,36000000,0,-157000000,0,-157000000,,,2009560000,-0.08,-0.08
UBER,2023-06-30,Quarter,9230000000,5515000000,3715000000,3389000000,326000000,273000000,144000000,455000000,65000000,0,4000000,0,394000000,0,394000000,,,2079270000,0.18,0.18
UBER,2023-09-30,Quarter,9292000000,5626000000,3666000000,3272000000,394000000,-52000000,166000000,176000000,-40000000,-2000000,3000000,0,219000000,0,221000000,,,2108480000,0.10,0.10
UBER,2023-12-31,Quarter,9936000000,6057000000,3879000000,3227000000,652000000,1331000000,155000000,1828000000,133000000,271000000,5000000,0,1700000000,0,1429000000,,,2121930000,0.66,0.67
UBER,2024-03-31,Quarter,10131000000,6168000000,3963000000,3791000000,172000000,-678000000,124000000,-630000000,29000000,-9000000,-4000000,0,-663000000,0,-654000000,,,2080170000,-0.32,-0.32
UBER,2024-06-30,Quarter,10700000000,6488000000,4212000000,3416000000,796000000,420000000,139000000,1077000000,57000000,-7000000,-12000000,0,1008000000,0,1015000000,,,2150020000,0.47,0.47
UBER,2024-09-30,Quarter,11188000000,6761000000,4427000000,3366000000,1061000000,1851000000,143000000,2769000000,158000000,-13000000,-12000000,0,2599000000,0,2612000000,,,2154470000,1.20,1.20
UBER,2024-12-31,Quarter,11959000000,7234000000,4725000000,3955000000,770000000,256000000,117000000,909000000,-6002000000,18000000,-10000000,0,6901000000,0,6883000000,,,2141430000,3.21,3.21
UBER,2025-03-31,Quarter,11533000000,6937000000,4596000000,3368000000,1228000000,262000000,105000000,1385000000,-402000000,-2000000,-13000000,0,1774000000,0,1776000000,,,2122620000,0.83,0.83
UBER,2025-06-30,Quarter,12651000000,7611000000,5040000000,3590000000,1450000000,162000000,108000000,1504000000,142000000,-5000000,-12000000,0,1350000000,0,1355000000,,,2125630000,0.63,0.63
UBER,2025-09-30,Quarter,13467000000,8109000000,5358000000,4245000000,1113000000,1619000000,112000000,2620000000,-4046000000,26000000,-14000000,0,6652000000,0,6626000000,,,2124390000,3.11,3.11
UNH,2020-03-31,Quarter,64421000000,48687000000,15734000000,10738000000,4996000000,0,437000000,4559000000,1094000000,83000000,0,0,3465000000,0,3382000000,,,962000000,3.72,3.52
UNH,2020-06-30,Quarter,62138000000,42179000000,19959000000,10718000000,9241000000,0,430000000,8811000000,2115000000,59000000,0,0,6696000000,0,6637000000,,,960000000,7.12,6.91
UNH,2020-09-30,Quarter,65115000000,49571000000,15544000000,10893000000,4651000000,0,395000000,4256000000,1000000000,84000000,0,0,3256000000,0,3172000000,,,962000000,3.51,3.30
UNH,2020-12-31,Quarter,65467000000,49704000000,15763000000,12246000000,3517000000,0,401000000,3116000000,764000000,140000000,0,0,2352000000,0,2212000000,,,961000000,2.52,2.30
UNH,2021-03-31,Quarter,70196000000,52476000000,17720000000,10981000000,6739000000,0,397000000,6342000000,1364000000,116000000,0,0,4978000000,0,4862000000,,,957000000,5.31,5.08
UNH,2021-06-30,Quarter,71321000000,54206000000,17115000000,11137000000,5978000000,0,410000000,5568000000,1196000000,106000000,0,0,4372000000,0,4266000000,,,956000000,4.70,4.46
UNH,2021-09-30,Quarter,72337000000,55104000000,17233000000,11521000000,5712000000,0,422000000,5290000000,1099000000,105000000,0,0,4191000000,0,4086000000,,,955000000,4.52,4.28
UNH,2021-12-31,Quarter,73743000000,56159000000,17584000000,12043000000,5541000000,0,431000000,5110000000,919000000,120000000,0,0,4191000000,0,4071000000,,,955000000,4.48,4.26
UNH,2022-03-31,Quarter,80149000000,61010000000,19139000000,12189000000,6950000000,0,433000000,6517000000,1369000000,121000000,0,0,5148000000,0,5027000000,,,954000000,5.49,5.27
UNH,2022-06-30,Quarter,80332000000,60689000000,19643000000,12511000000,7132000000,0,467000000,6665000000,1466000000,129000000,0,0,5199000000,0,5070000000,,,950000000,5.57,5.34
UNH,2022-09-30,Quarter,80894000000,60941000000,19953000000,12491000000,7462000000,0,516000000,6946000000,1562000000,122000000,0,0,5384000000,0,5262000000,,,948000000,5.79,5.55
UNH,2022-12-31,Quarter,82787000000,61905000000,20882000000,13991000000,6891000000,0,676000000,6215000000,1307000000,147000000,0,0,4908000000,0,4761000000,,,947000000,5.34,5.02
UNH,2023-03-31,Quarter,91931000000,69250000000,22681000000,14595000000,8086000000,0,754000000,7332000000,1558000000,163000000,0,0,5774000000,0,5611000000,,,943000000,6.26,5.95
UNH,2023-06-30,Quarter,92903000000,70016000000,22887000000,14830000000,8057000000,0,828000000,7229000000,1572000000,183000000,0,0,5657000000,0,5474000000,,,940000000,6.14,5.82
UNH,2023-09-30,Quarter,92361000000,68973000000,23388000000,14862000000,8526000000,0,834000000,7692000000,1654000000,197000000,0,0,6038000000,0,5841000000,,,936000000,6.56,6.24
UNH,2023-12-31,Quarter,94427000000,72425000000,22002000000,14313000000,7689000000,0,830000000,6859000000,1184000000,220000000,0,0,5675000000,0,5455000000,,,935000000,6.16,5.85
UNH,2024-03-31,Quarter,99796000000,76791000000,23005000000,15074000000,7931000000,-7086000000,844000000,1000000,1222000000,188000000,0,0,-1221000000,0,-1409000000,,,922000000,6.91,-1.53
UNH,2024-06-30,Quarter,98855000000,76798000000,22057000000,14182000000,7875000000,-1225000000,985000000,5665000000,1244000000,205000000,0,0,4421000000,0,4216000000,,,928000000,6.80,4.54
UNH,2024-09-30,Quarter,100820000000,77791000000,23029000000,14321000000,8708000000,-20000000,1074000000,7614000000,1356000000,203000000,0,0,6258000000,0,6055000000,,,930000000,7.15,6.51
UNH,2024-12-31,Quarter,100807000000,79499000000,21308000000,13535000000,7773000000,21000000,1003000000,6791000000,1007000000,241000000,0,0,5784000000,0,5543000000,,,927000000,6.81,5.99
UNH,2025-03-31,Quarter,109575000000,85801000000,23774000000,14655000000,9119000000,-15000000,998000000,8106000000,1632000000,182000000,0,0,6474000000,0,6292000000,,,918000000,7.20,6.85
UNH,2025-06-30,Quarter,111616000000,91604000000,20012000000,14862000000,5150000000,-41000000,1027000000,4082000000,510000000,166000000,0,0,3572000000,0,3406000000,,,910000000,4.08,3.74
UNH,2025-09-30,Quarter,113161000000,92524000000,20637000000,16322000000,4315000000,-83000000,1003000000,3229000000,686000000,195000000,0,0,2543000000,0,2348000000,,,908000000,2.92,2.59
UPS,2020-03-31,Quarter,18035000000,4255000000,13780000000,12708000000,1072000000,345000000,167000000,1250000000,285000000,0,0,0,965000000,0,965000000,,,869370000,1.15,1.11
UPS,2020-06-30,Quarter,20459000000,4769000000,15690000000,13478000000,2212000000,328000000,183000000,2357000000,589000000,0,0,0,1768000000,0,1768000000,,,869000000,2.13,2.03
UPS,2020-09-30,Quarter,21238000000,5131000000,16107000000,13744000000,2363000000,338000000,176000000,2525000000,568000000,0,0,0,1957000000,0,1957000000,,,872000000,2.28,2.24
UPS,2020-12-31,Quarter,24896000000,6423000000,18473000000,16436000000,2037000000,-6150000000,175000000,-4288000000,-941000000,0,0,0,-3347000000,0,-3347000000,,,871000000,2.66,-3.84
UPS,2021-03-31,Quarter,22908000000,5669000000,17239000000,14474000000,2765000000,3616000000,177000000,6204000000,1412000000,0,0,0,4792000000,0,4792000000,,,876050000,2.77,5.47
UPS,2021-06-30,Quarter,23424000000,5960000000,17464000000,14206000000,3258000000,345000000,167000000,3436000000,760000000,0,0,0,2676000000,0,2676000000,,,878000000,3.06,3.05
UPS,2021-09-30,Quarter,23184000000,6207000000,16977000000,14081000000,2896000000,274000000,177000000,2993000000,664000000,0,0,0,2329000000,0,2329000000,,,879000000,2.71,2.65
UPS,2021-12-31,Quarter,27771000000,7512000000,20259000000,16368000000,3891000000,244000000,173000000,3962000000,869000000,0,0,0,3093000000,0,3093000000,,,879000000,3.59,3.51
UPS,2022-03-31,Quarter,24378000000,6446000000,17932000000,14681000000,3251000000,315000000,174000000,3392000000,730000000,0,0,0,2662000000,0,2662000000,,,878550000,3.05,3.03
UPS,2022-06-30,Quarter,24766000000,6725000000,18041000000,14506000000,3535000000,333000000,171000000,3697000000,848000000,0,0,0,2849000000,0,2849000000,,,876620000,3.29,3.25
UPS,2022-09-30,Quarter,24161000000,6342000000,17819000000,14706000000,3113000000,333000000,177000000,3269000000,685000000,0,0,0,2584000000,0,2584000000,,,872000000,2.99,2.96
UPS,2022-12-31,Quarter,27033000000,6673000000,20360000000,17165000000,3195000000,1454000000,182000000,4467000000,1014000000,0,0,0,3453000000,0,3453000000,,,871000000,3.62,3.96
UPS,2023-03-31,Quarter,22925000000,5539000000,17386000000,14845000000,2541000000,169000000,188000000,2522000000,627000000,0,0,0,1895000000,0,1895000000,,,865300000,2.20,2.19
UPS,2023-06-30,Quarter,22055000000,4945000000,17110000000,14330000000,2780000000,131000000,191000000,2720000000,639000000,0,0,0,2081000000,0,2081000000,,,861000000,2.54,2.42
UPS,2023-09-30,Quarter,21061000000,4969000000,16092000000,14749000000,1343000000,124000000,199000000,1268000000,141000000,0,0,0,1127000000,0,1127000000,,,860310000,1.57,1.31
UPS,2023-12-31,Quarter,24917000000,5801000000,19116000000,16639000000,2477000000,-207000000,207000000,2063000000,458000000,0,0,0,1605000000,0,1605000000,,,858000000,2.47,1.88
UPS,2024-03-31,Quarter,21706000000,5024000000,16682000000,15069000000,1613000000,118000000,195000000,1536000000,423000000,0,0,0,1113000000,0,1113000000,,,857000000,1.43,1.30
UPS,2024-06-30,Quarter,21818000000,5133000000,16685000000,14741000000,1944000000,137000000,212000000,1869000000,460000000,0,0,0,1409000000,0,1409000000,,,857000000,1.79,1.65
UPS,2024-09-30,Quarter,22245000000,5156000000,17089000000,15104000000,1985000000,155000000,230000000,1910000000,371000000,0,0,0,1539000000,0,1539000000,,,855000000,1.76,1.80
UPS,2024-12-31,Quarter,25301000000,5582000000,19719000000,16793000000,2926000000,-570000000,229000000,2127000000,406000000,0,0,0,1721000000,0,1721000000,,,858000000,2.75,2.00
UPS,2025-03-31,Quarter,21546000000,4520000000,17026000000,15360000000,1666000000,79000000,222000000,1523000000,336000000,0,0,0,1187000000,0,1187000000,,,850000000,1.49,1.40
UPS,2025-06-30,Quarter,21221000000,4335000000,16886000000,15064000000,1822000000,78000000,238000000,1662000000,379000000,0,0,0,1283000000,0,1283000000,,,847000000,1.55,1.51
UPS,2025-09-30,Quarter,21415000000,4337000000,17078000000,15274000000,1804000000,94000000,291000000,1607000000,296000000,0,0,0,1311000000,0,1311000000,,,848000000,1.74,1.55
V,2020-03-31,Quarter,5854000000,0,5854000000,1930000000,3924000000,23000000,118000000,3829000000,745000000,0,0,0,3084000000,0,3084000000,,,2228000000,1.39,1.24
V,2020-06-30,Quarter,4837000000,0,4837000000,1838000000,2999000000,75000000,142000000,2932000000,559000000,0,0,0,2373000000,0,2373000000,,,2214000000,1.06,0.96
V,2020-12-31,Quarter,5687000000,0,5687000000,1843000000,3844000000,40000000,136000000,3748000000,622000000,0,0,0,3126000000,0,3126000000,,,2200000000,1.42,1.27
V,2021-03-31,Quarter,5729000000,0,5729000000,2148000000,3581000000,168000000,121000000,3628000000,602000000,0,0,0,3026000000,0,3026000000,,,2193000000,1.38,1.24
V,2021-06-30,Quarter,6130000000,0,6130000000,2066000000,4064000000,456000000,131000000,4389000000,1814000000,0,0,0,2575000000,0,2575000000,,,2184000000,1.49,1.06
V,2021-09-30,Quarter,6559000000,0,6559000000,2244000000,4315000000,108000000,125000000,4298000000,714000000,0,0,0,3584000000,0,3584000000,,,2175000000,1.62,1.47
V,2021-12-31,Quarter,7059000000,0,7059000000,2283000000,4776000000,255000000,134000000,4897000000,938000000,0,0,0,3959000000,0,3959000000,,,2159000000,1.81,1.64
V,2022-03-31,Quarter,7189000000,0,7189000000,2387000000,4802000000,-126000000,134000000,4542000000,895000000,0,0,0,3647000000,0,3647000000,,,2142000000,1.79,1.52
V,2022-06-30,Quarter,7275000000,0,7275000000,3127000000,4148000000,-208000000,111000000,3829000000,418000000,0,0,0,3411000000,0,3411000000,,,2129000000,1.98,1.43
V,2022-09-30,Quarter,7787000000,0,7787000000,2700000000,5087000000,-60000000,159000000,4868000000,928000000,0,0,0,3940000000,0,3940000000,,,2116000000,1.93,1.67
V,2022-12-31,Quarter,7936000000,0,7936000000,2846000000,5090000000,24000000,137000000,4977000000,798000000,0,0,0,4179000000,0,4179000000,,,2102000000,2.18,1.77
V,2023-03-31,Quarter,7985000000,0,7985000000,2649000000,5336000000,84000000,142000000,5278000000,1021000000,0,0,0,4257000000,0,4257000000,,,2093000000,2.09,1.81
V,2023-06-30,Quarter,8123000000,0,8123000000,3099000000,5024000000,304000000,182000000,5146000000,990000000,0,0,0,4156000000,0,4156000000,,,2080000000,2.16,1.78
V,2023-09-30,Quarter,8609000000,0,8609000000,3059000000,5550000000,269000000,183000000,5636000000,955000000,0,0,0,4681000000,0,4681000000,,,2065000000,2.33,2.02
V,2023-12-31,Quarter,8634000000,0,8634000000,2680000000,5954000000,275000000,187000000,6042000000,1152000000,0,0,0,4890000000,0,4890000000,,,2045000000,2.41,2.13
V,2024-03-31,Quarter,8775000000,0,8775000000,3421000000,5354000000,241000000,82000000,5513000000,850000000,0,0,0,4663000000,0,4663000000,,,2039000000,2.51,2.03
V,2024-06-30,Quarter,8900000000,0,8900000000,2962000000,5938000000,247000000,196000000,5989000000,1117000000,0,0,0,4872000000,0,4872000000,,,2029000000,2.42,2.18
V,2024-09-30,Quarter,9617000000,0,9617000000,3268000000,6349000000,199000000,176000000,6372000000,1054000000,0,0,0,5318000000,0,5318000000,,,2003000000,2.71,2.47
V,2024-12-31,Quarter,9510000000,0,9510000000,3276000000,6234000000,148000000,182000000,6200000000,1081000000,0,0,0,5119000000,0,5119000000,,,1985000000,2.75,2.41
V,2025-03-31,Quarter,9594000000,0,9594000000,4159000000,5435000000,161000000,158000000,5438000000,861000000,0,0,0,4577000000,0,4577000000,,,1974000000,2.76,2.17
V,2025-06-30,Quarter,10172000000,0,10172000000,3995000000,6177000000,195000000,39000000,6333000000,1061000000,0,0,0,5272000000,0,5272000000,,,1959000000,2.98,2.52
V,2025-09-30,Quarter,10724000000,0,10724000000,4576000000,6148000000,285000000,210000000,6223000000,1133000000,0,0,0,5090000000,0,5090000000,,,1945000000,2.98,2.45
VZ,2020-03-31,Quarter,31610000000,12296000000,19314000000,12735000000,6579000000,131000000,1034000000,5676000000,1389000000,131000000,0,0,4287000000,0,4156000000,,,4141000000,1.26,1.00
VZ,2020-06-30,Quarter,30447000000,11749000000,18698000000,11337000000,7361000000,-85000000,1089000000,6187000000,1348000000,139000000,0,0,4839000000,0,4700000000,,,4141000000,1.18,1.13
VZ,2020-09-30,Quarter,31543000000,12334000000,19209000000,11531000000,7678000000,-783000000,1044000000,5851000000,1347000000,147000000,0,0,4504000000,0,4357000000,,,4142000000,1.25,1.05
VZ,2020-12-31,Quarter,34692000000,14822000000,19870000000,12690000000,7180000000,153000000,1080000000,6253000000,1535000000,130000000,0,0,4718000000,0,4588000000,,,4143000000,1.21,1.12
VZ,2021-03-31,Quarter,32867000000,13522000000,19345000000,11575000000,7770000000,409000000,1101000000,7078000000,1700000000,133000000,0,0,5378000000,0,5245000000,,,4142000000,1.31,1.27
VZ,2021-06-30,Quarter,33764000000,14255000000,19509000000,11344000000,8165000000,503000000,844000000,7824000000,1875000000,149000000,0,0,5949000000,0,5800000000,,,4143000000,1.37,1.40
VZ,2021-09-30,Quarter,32915000000,13528000000,19387000000,10482000000,8905000000,270000000,801000000,8374000000,1820000000,147000000,0,0,6554000000,0,6407000000,,,4144000000,1.41,1.55
VZ,2021-12-31,Quarter,34067000000,14996000000,19071000000,11463000000,7608000000,-725000000,739000000,6144000000,1407000000,124000000,0,0,4737000000,0,4613000000,,,4169000000,1.31,1.10
VZ,2022-03-31,Quarter,33554000000,14350000000,19204000000,11408000000,7796000000,-927000000,786000000,6083000000,1372000000,131000000,0,0,4711000000,0,4580000000,,,4202000000,1.35,1.09
VZ,2022-06-30,Quarter,33789000000,14420000000,19369000000,11817000000,7552000000,90000000,785000000,6857000000,1542000000,116000000,0,0,5315000000,0,5199000000,,,4202000000,1.31,1.24
VZ,2022-09-30,Quarter,34241000000,14601000000,19640000000,11746000000,7894000000,-437000000,937000000,6520000000,1496000000,124000000,0,0,5024000000,0,4900000000,,,4204000000,1.32,1.17
VZ,2022-12-31,Quarter,35251000000,15762000000,19489000000,12264000000,7225000000,2691000000,1105000000,8811000000,2113000000,121000000,0,0,6698000000,0,6577000000,,,4207000000,1.19,1.56
VZ,2023-03-31,Quarter,32912000000,13504000000,19408000000,11824000000,7584000000,123000000,1207000000,6500000000,1482000000,109000000,0,0,5018000000,0,4909000000,,,4211000000,1.20,1.17
VZ,2023-06-30,Quarter,32596000000,12764000000,19832000000,12612000000,7220000000,177000000,1285000000,6112000000,1346000000,118000000,0,0,4766000000,0,4648000000,,,4213000000,1.21,1.10
VZ,2023-09-30,Quarter,33336000000,13437000000,19899000000,12426000000,7473000000,152000000,1433000000,6192000000,1308000000,122000000,0,0,4884000000,0,4762000000,,,4216000000,1.22,1.13
VZ,2023-12-31,Quarter,35130000000,15182000000,19948000000,19348000000,600000000,-818000000,1599000000,-1817000000,756000000,132000000,0,0,-2573000000,0,-2705000000,,,4214000000,1.08,-0.65
VZ,2024-03-31,Quarter,32981000000,12872000000,20109000000,12588000000,7521000000,189000000,1635000000,6075000000,1353000000,120000000,0,0,4722000000,0,4602000000,,,4219000000,1.15,1.09
VZ,2024-06-30,Quarter,32796000000,12471000000,20325000000,12507000000,7818000000,-86000000,1698000000,6034000000,1332000000,109000000,0,0,4702000000,0,4593000000,,,4221000000,1.15,1.09
VZ,2024-09-30,Quarter,33330000000,13240000000,20090000000,14164000000,5926000000,48000000,1672000000,4302000000,891000000,105000000,0,0,3411000000,0,3306000000,,,4225000000,1.19,0.78
VZ,2024-12-31,Quarter,35681000000,15514000000,20167000000,12746000000,7421000000,791000000,1644000000,6568000000,1454000000,109000000,0,0,5114000000,0,5005000000,,,4227000000,1.10,1.18
VZ,2025-03-31,Quarter,33485000000,13056000000,20429000000,12451000000,7978000000,127000000,1632000000,6473000000,1490000000,104000000,0,0,4983000000,0,4879000000,,,4226000000,1.19,1.15
VZ,2025-06-30,Quarter,34504000000,13885000000,20619000000,12447000000,8172000000,76000000,1639000000,6609000000,1488000000,118000000,0,0,5121000000,0,5003000000,,,4228000000,1.22,1.18
VZ,2025-09-30,Quarter,33821000000,13346000000,20475000000,12370000000,8105000000,86000000,1664000000,6527000000,1471000000,106000000,0,0,5056000000,0,4950000000,,,4233000000,1.21,1.17
WDAY,2020-01-31,Quarter,976300000,284770000,691520000,837620000,-146100000,16880000,0,-129210000,-1260000,0,0,0,-127960000,0,-127960000,,,230490000,-0.45,-0.56
WDAY,2020-04-30,Quarter,1018390000,305630000,712760000,857210000,-144450000,-10970000,0,-155430000,2940000,0,0,0,-158370000,0,-158370000,,,232940000,-0.49,-0.68
WDAY,2020-07-31,Quarter,1061970000,284280000,777690000,794440000,-16750000,-11450000,0,-28210000,-190000,0,0,0,-28020000,0,-28020000,,,236000000,-0.01,-0.12
WDAY,2021-01-31,Quarter,1131680000,313040000,818640000,891960000,-73320000,4740000,0,-68570000,3130000,0,0,0,-71710000,0,-71710000,,,240990000,-0.13,-0.29
WDAY,2021-04-30,Quarter,1175030000,333050000,841980000,880300000,-38320000,-9050000,0,-47360000,-840000,0,0,0,-46520000,0,-46520000,,,243740000,-0.01,-0.19
WDAY,2021-07-31,Quarter,1260360000,345520000,914840000,915960000,-1120000,102990000,0,101870000,-3870000,0,0,0,105740000,0,105740000,,,260020000,0.49,0.41
WDAY,2021-10-31,Quarter,1327260000,359720000,967540000,943600000,23940000,21560000,0,45500000,2090000,0,0,0,43410000,0,43410000,,,254760000,0.00,0.17
WDAY,2022-01-31,Quarter,1376140000,389800000,986340000,1087310000,-100970000,17140000,0,-83820000,-10570000,0,0,0,-73250000,0,-73250000,,,250040000,-0.20,-0.27
WDAY,2022-04-30,Quarter,1434660000,402820000,1031840000,1104680000,-72840000,-20160000,0,-93010000,9170000,0,0,0,-102170000,0,-102170000,,,251740000,-0.17,-0.41
WDAY,2022-07-31,Quarter,1535800000,423090000,1112710000,1146800000,-34090000,-32790000,0,-66870000,-2710000,0,0,0,-64160000,0,-64160000,,,254360000,-0.16,-0.25
WDAY,2022-10-31,Quarter,1599100000,435790000,1163310000,1189630000,-26320000,4160000,0,-22160000,52560000,0,0,0,-74720000,0,-74720000,,,255750000,0.03,-0.29
WDAY,2023-01-31,Quarter,1646260000,453480000,1192780000,1281740000,-88960000,11040000,0,-77920000,47780000,0,0,0,-125700000,0,-125700000,,,257320000,-0.14,-0.49
WDAY,2023-04-30,Quarter,1684310000,417440000,1266870000,1286670000,-19800000,26710000,0,6910000,6770000,0,0,0,140000,0,140000,,,261370000,0.16,0.00
WDAY,2023-07-31,Quarter,1786770000,448100000,1338670000,1302410000,36260000,45560000,0,81810000,3150000,0,0,0,78660000,0,78660000,,,264440000,0.40,0.30
WDAY,2023-10-31,Quarter,1865680000,445240000,1420440000,1332580000,87860000,41390000,0,129240000,15530000,0,0,0,113710000,0,113710000,,,266380000,0.47,0.43
WDAY,2024-01-31,Quarter,1922250000,460220000,1462030000,1383340000,78690000,59350000,0,138040000,-1050460000,0,0,0,1188500000,0,1188500000,,,268840000,0.21,4.48
WDAY,2024-04-30,Quarter,1990000000,489000000,1501000000,1437000000,64000000,59000000,0,123000000,16000000,0,0,0,107000000,0,107000000,,,270300000,0.51,0.40
WDAY,2024-07-31,Quarter,2085000000,511000000,1574000000,1463000000,111000000,57000000,0,168000000,36000000,0,0,0,132000000,0,132000000,,,267950000,0.37,0.49
WDAY,2024-10-31,Quarter,2160000000,530000000,1630000000,1465000000,165000000,62000000,0,227000000,34000000,0,0,0,193000000,0,193000000,,,268550000,0.81,0.72
WDAY,2025-01-31,Quarter,2211000000,539000000,1672000000,1513000000,159000000,45000000,0,120000000,26000000,0,0,0,94000000,0,94000000,,,270010000,0.48,0.34
WDAY,2025-04-30,Quarter,2240000000,537000000,1703000000,1664000000,39000000,64000000,0,103000000,35000000,0,0,0,68000000,0,68000000,,,270300000,0.93,0.25
WDAY,2025-07-31,Quarter,2348000000,582000000,1766000000,1518000000,248000000,56000000,0,304000000,76000000,0,0,0,228000000,0,228000000,,,270180000,1.00,0.84
WDAY,2025-10-31,Quarter,2432000000,591000000,1841000000,1582000000,259000000,79000000,0,338000000,86000000,0,0,0,252000000,0,252000000,,,268630000,1.09,0.94
WFC,2020-03-31,Quarter,21132000000,1742000000,19390000000,17053000000,2337000000,0,1673000000,664000000,159000000,-148000000,0,0,505000000,0,653000000,,,4135300000,0.01,0.01
WFC,2020-06-30,Quarter,19757000000,585000000,19172000000,24085000000,-4913000000,0,1336000000,-6249000000,-3917000000,47000000,0,0,-2332000000,0,-2379000000,,,4105500000,-0.66,-0.66
WFC,2020-09-30,Quarter,20294000000,314000000,19980000000,15280000000,4700000000,-718000000,1118000000,2864000000,645000000,184000000,0,0,2219000000,0,2035000000,,,4132200000,0.56,0.42
WFC,2020-12-31,Quarter,19120000000,163000000,18957000000,14125000000,4832000000,-781000000,1032000000,3302000000,108000000,202000000,0,0,3194000000,0,2992000000,,,4151300000,0.64,0.64
WFC,2021-03-31,Quarter,19301000000,112000000,19189000000,12928000000,6261000000,-13000000,1126000000,5122000000,326000000,54000000,0,0,4796000000,0,4742000000,,,4171000000,1.05,1.05
WFC,2021-06-30,Quarter,21163000000,92000000,21071000000,12085000000,8986000000,4000000,801000000,8189000000,1445000000,704000000,0,0,6744000000,0,6040000000,,,4156100000,1.38,1.38
WFC,2021-09-30,Quarter,19759000000,99000000,19660000000,11907000000,7753000000,-1000000,826000000,6926000000,1521000000,283000000,0,0,5405000000,0,5122000000,,,4090400000,1.17,1.17
WFC,2021-12-31,Quarter,22184000000,85000000,22099000000,12680000000,9419000000,-66000000,774000000,8579000000,2286000000,649000000,0,0,6293000000,0,5644000000,,,3964700000,1.38,1.35
WFC,2022-03-31,Quarter,18552000000,83000000,18469000000,13078000000,5391000000,-5000000,877000000,4509000000,707000000,131000000,0,0,3802000000,0,3671000000,,,3868900000,0.88,0.88
WFC,2022-06-30,Quarter,18386000000,158000000,18228000000,13463000000,4765000000,0,1200000000,3565000000,613000000,-167000000,0,0,2952000000,0,3119000000,,,3819600000,0.74,0.74
WFC,2022-09-30,Quarter,21901000000,513000000,21388000000,15111000000,6277000000,0,1883000000,4394000000,894000000,-28000000,0,0,3500000000,0,3528000000,,,3825100000,1.30,0.85
WFC,2022-12-31,Quarter,24020000000,1595000000,22425000000,17159000000,5266000000,0,2765000000,2501000000,-127000000,-236000000,0,0,2628000000,0,2864000000,,,3832700000,0.67,0.67
WFC,2023-03-31,Quarter,26749000000,2761000000,23988000000,14883000000,9105000000,0,3259000000,5846000000,966000000,-111000000,0,0,4880000000,0,4991000000,,,3818700000,1.23,1.23
WFC,2023-06-30,Quarter,28200000000,3805000000,24395000000,14700000000,9695000000,0,3862000000,5833000000,930000000,-35000000,0,0,4903000000,0,4938000000,,,3724900000,1.25,1.25
WFC,2023-09-30,Quarter,29845000000,4608000000,25237000000,14310000000,10927000000,0,4380000000,6547000000,811000000,-31000000,0,0,5736000000,0,5767000000,,,3680600000,1.39,1.48
WFC,2023-12-31,Quarter,30546000000,5329000000,25217000000,17068000000,8149000000,0,4739000000,3410000000,-100000000,64000000,0,0,3510000000,0,3446000000,,,3657000000,1.29,0.87
WFC,2024-03-31,Quarter,31476000000,5811000000,25665000000,15276000000,10389000000,0,4802000000,5587000000,964000000,4000000,0,0,4623000000,0,4619000000,,,3600100000,1.26,1.20
WFC,2024-06-30,Quarter,31650000000,6149000000,25501000000,14529000000,10972000000,0,4812000000,6160000000,1251000000,-1000000,0,0,4909000000,0,4910000000,,,3486200000,1.33,1.33
WFC,2024-09-30,Quarter,31674000000,6445000000,25229000000,14132000000,11097000000,0,4863000000,6234000000,1064000000,56000000,0,0,5170000000,0,5114000000,,,3425100000,1.52,1.42
WFC,2024-12-31,Quarter,30597000000,5877000000,24720000000,14995000000,9725000000,0,4342000000,5383000000,120000000,184000000,0,0,5263000000,0,5079000000,,,3360700000,1.42,1.42
WFC,2025-03-31,Quarter,29627000000,5209000000,24418000000,14823000000,9595000000,0,4269000000,5326000000,522000000,-90000000,0,0,4804000000,0,4894000000,,,3321600000,1.27,1.39
WFC,2025-06-30,Quarter,30434000000,5061000000,25373000000,14384000000,10989000000,0,4551000000,6438000000,916000000,28000000,0,0,5522000000,0,5494000000,,,3267000000,1.54,1.60
WFC,2025-09-30,Quarter,31905000000,5188000000,26717000000,14527000000,12190000000,0,5281000000,6909000000,1300000000,20000000,0,0,5609000000,0,5589000000,,,3223500000,1.73,1.66
WMT,2020-01-31,Quarter,141671000000,107748000000,33923000000,28601000000,5322000000,1003000000,652000000,5673000000,1379000000,153000000,0,0,4294000000,0,4141000000,,,2855000000,1.38,1.45
WMT,2020-04-30,Quarter,134622000000,102026000000,32596000000,27372000000,5224000000,764000000,592000000,5396000000,1322000000,84000000,0,0,4074000000,0,3990000000,,,2849000000,1.18,1.40
WMT,2020-07-31,Quarter,137742000000,102689000000,35053000000,28994000000,6059000000,3245000000,658000000,8646000000,2207000000,-37000000,0,0,6439000000,0,6476000000,,,2848000000,1.56,2.27
WMT,2021-01-31,Quarter,152079000000,115261000000,36818000000,31331000000,5487000000,-5556000000,524000000,-593000000,1415000000,83000000,0,0,-2008000000,0,-2091000000,,,2826000000,1.39,-0.72
WMT,2021-04-30,Quarter,138310000000,103272000000,35038000000,28129000000,6909000000,-2499000000,566000000,3844000000,1033000000,81000000,0,0,2811000000,0,2730000000,,,2829000000,1.69,0.97
WMT,2021-07-31,Quarter,141048000000,105183000000,35865000000,28511000000,7354000000,-916000000,515000000,5923000000,1559000000,88000000,0,0,4364000000,0,4276000000,,,2812000000,1.78,1.52
WMT,2021-10-31,Quarter,140525000000,105023000000,35502000000,29710000000,5792000000,-1159000000,486000000,4147000000,1015000000,27000000,0,0,3132000000,0,3105000000,,,2797000000,1.45,1.11
WMT,2022-01-31,Quarter,152871000000,115522000000,37349000000,31462000000,5887000000,-678000000,427000000,4782000000,1149000000,71000000,0,0,3633000000,0,3562000000,,,2782000000,1.53,1.27
WMT,2022-04-30,Quarter,141569000000,106847000000,34722000000,29404000000,5318000000,-1962000000,455000000,2901000000,798000000,49000000,0,0,2103000000,0,2054000000,,,2765000000,1.30,0.74
WMT,2022-07-31,Quarter,152859000000,115838000000,37021000000,30167000000,6854000000,269000000,479000000,6644000000,1497000000,-2000000,0,0,5147000000,0,5149000000,,,2745000000,1.77,1.88
WMT,2022-10-31,Quarter,152813000000,115613000000,37200000000,34505000000,2695000000,-3542000000,584000000,-1431000000,336000000,31000000,0,0,-1767000000,0,-1798000000,,,2711000000,1.50,-0.66
WMT,2023-01-31,Quarter,164048000000,125423000000,38625000000,33064000000,5561000000,3951000000,610000000,8902000000,3093000000,-466000000,0,0,5809000000,0,6275000000,,,2707000000,1.71,2.31
WMT,2023-04-30,Quarter,152301000000,115284000000,37017000000,30777000000,6240000000,-2888000000,664000000,2688000000,792000000,223000000,0,0,1896000000,0,1673000000,,,2704000000,1.47,0.62
WMT,2023-07-31,Quarter,161632000000,121850000000,39782000000,32466000000,7316000000,4053000000,642000000,10727000000,2674000000,162000000,0,0,8053000000,0,7891000000,,,2703000000,1.84,2.92
WMT,2023-10-31,Quarter,160804000000,121183000000,39621000000,33419000000,6202000000,-4605000000,682000000,915000000,272000000,190000000,0,0,643000000,0,453000000,,,2703000000,1.53,0.17
WMT,2024-01-31,Quarter,173388000000,131825000000,41563000000,34309000000,7254000000,959000000,695000000,7518000000,1840000000,184000000,0,0,5678000000,0,5494000000,,,8103000000,0.60,0.67
WMT,2024-04-30,Quarter,161508000000,121431000000,40077000000,33236000000,6841000000,908000000,714000000,7035000000,1728000000,203000000,0,0,5307000000,0,5104000000,,,8084000000,0.60,0.63
WMT,2024-07-31,Quarter,169335000000,126810000000,42525000000,34585000000,7940000000,-1048000000,679000000,6213000000,1502000000,210000000,0,0,4711000000,0,4501000000,,,8081000000,0.67,0.56
WMT,2024-10-31,Quarter,169588000000,127340000000,42248000000,35540000000,6708000000,8000000,618000000,6098000000,1384000000,137000000,0,0,4714000000,0,4577000000,,,8082000000,0.58,0.57
WMT,2025-01-31,Quarter,180554000000,136172000000,44382000000,36523000000,7859000000,-179000000,717000000,6963000000,1538000000,171000000,0,0,5425000000,0,5254000000,,,8078000000,0.66,0.65
WMT,2025-04-30,Quarter,165609000000,124303000000,41306000000,34171000000,7135000000,-504000000,637000000,5994000000,1355000000,152000000,0,0,4639000000,0,4487000000,,,8051000000,0.61,0.56
WMT,2025-07-31,Quarter,177402000000,132771000000,44631000000,37345000000,7286000000,2802000000,769000000,9319000000,2168000000,125000000,0,0,7151000000,0,7026000000,,,8016000000,0.68,0.88
XOM,2020-03-31,Quarter,56158000000,47212000000,8946000000,8686000000,260000000,269000000,249000000,-258000000,512000000,-160000000,0,0,-770000000,0,-610000000,,,4357140000,0.53,-0.14
XOM,2020-06-30,Quarter,32605000000,26118000000,6487000000,7539000000,-1052000000,271000000,317000000,-1640000000,-471000000,-89000000,0,0,-1169000000,0,-1080000000,,,4153850000,-0.70,-0.26
XOM,2020-09-30,Quarter,46199000000,38405000000,7794000000,7615000000,179000000,272000000,279000000,-372000000,337000000,-29000000,0,0,-709000000,0,-680000000,,,4271000000,-0.18,-0.15
XOM,2020-12-31,Quarter,46540000000,38825000000,7715000000,33622000000,-25907000000,393000000,313000000,-26613000000,-6010000000,-533000000,0,0,-20603000000,0,-20070000000,,,4272000000,0.03,-4.70
XOM,2021-03-31,Quarter,59147000000,47323000000,11824000000,7596000000,4228000000,378000000,258000000,3592000000,796000000,66000000,0,0,2796000000,0,2730000000,,,4272000000,0.65,0.64
XOM,2021-06-30,Quarter,67742000000,53546000000,14196000000,7473000000,6723000000,162000000,254000000,6307000000,1526000000,91000000,0,0,4781000000,0,4690000000,,,4276000000,1.10,1.10
XOM,2021-09-30,Quarter,73786000000,56353000000,17433000000,7467000000,9966000000,146000000,214000000,9606000000,2664000000,192000000,0,0,6942000000,0,6750000000,,,4276000000,1.58,1.57
XOM,2021-12-31,Quarter,84965000000,64216000000,20749000000,8699000000,12050000000,100000000,221000000,11729000000,2650000000,209000000,0,0,9079000000,0,8870000000,,,4275000000,2.05,2.08
XOM,2022-03-31,Quarter,90500000000,70183000000,20317000000,11465000000,8852000000,108000000,188000000,8556000000,2806000000,270000000,0,0,5750000000,0,5480000000,,,4266000000,2.07,1.28
XOM,2022-06-30,Quarter,115681000000,83167000000,32514000000,7267000000,25247000000,120000000,194000000,24933000000,6359000000,724000000,0,0,18574000000,0,17850000000,,,4233000000,4.14,4.21
XOM,2022-09-30,Quarter,112070000000,78101000000,33969000000,8184000000,25785000000,154000000,209000000,25422000000,5224000000,538000000,0,0,20198000000,0,19660000000,,,4185000000,4.45,4.68
XOM,2022-12-31,Quarter,95429000000,68036000000,27393000000,8244000000,19149000000,100000000,207000000,18842000000,5787000000,305000000,0,0,13055000000,0,12750000000,,,4138000000,3.40,3.09
XOM,2023-03-31,Quarter,86564000000,62660000000,23904000000,6775000000,17129000000,167000000,159000000,16803000000,4960000000,413000000,0,0,11843000000,0,11430000000,,,4102000000,2.83,2.79
XOM,2023-06-30,Quarter,82914000000,64021000000,18893000000,6824000000,12069000000,164000000,249000000,11656000000,3503000000,273000000,0,0,8153000000,0,7880000000,,,4066000000,1.94,1.94
XOM,2023-09-30,Quarter,90760000000,69484000000,21276000000,7242000000,14034000000,166000000,169000000,13699000000,4353000000,276000000,0,0,9346000000,0,9070000000,,,4025000000,2.27,2.25
XOM,2023-12-31,Quarter,84344000000,62760000000,21584000000,10470000000,11114000000,217000000,272000000,10625000000,2613000000,382000000,0,0,8012000000,0,7630000000,,,4010000000,2.48,1.91
XOM,2024-03-31,Quarter,83083000000,63015000000,20068000000,7455000000,12613000000,23000000,221000000,12369000000,3803000000,346000000,0,0,8566000000,0,8220000000,,,3998000000,2.06,2.06
XOM,2024-06-30,Quarter,93060000000,70582000000,22478000000,8508000000,13970000000,34000000,271000000,13665000000,4094000000,331000000,0,0,9571000000,0,9240000000,,,4317000000,2.14,2.14
XOM,2024-09-30,Quarter,90016000000,67857000000,22159000000,8893000000,13266000000,33000000,207000000,13026000000,4055000000,361000000,0,0,8971000000,0,8610000000,,,4462000000,1.92,1.92
XOM,2024-12-31,Quarter,83426000000,63897000000,19529000000,9388000000,10141000000,31000000,297000000,9813000000,1858000000,345000000,0,0,7955000000,0,7610000000,,,4413000000,1.67,1.72
XOM,2025-03-31,Quarter,83130000000,62906000000,20224000000,8306000000,11918000000,113000000,205000000,11600000000,3567000000,320000000,0,0,8033000000,0,7713000000,,,4372000000,1.76,1.76
XOM,2025-06-30,Quarter,81506000000,61686000000,19820000000,8880000000,10940000000,90000000,145000000,10705000000,3351000000,272000000,0,0,7354000000,0,7082000000,,,4331000000,1.64,1.64
XOM,2025-09-30,Quarter,85294000000,64497000000,20797000000,9656000000,11141000000,119000000,90000000,10932000000,3164000000,220000000,0,0,7768000000,0,7548000000,,,4285000000,1.88,1.76
ZM,2020-01-31,Quarter,188250000,32550000,155700000,145150000,10550000,6910000,0,14550000,-790000,0,0,0,15340000,0,15340000,,,292790000,0.05,0.06
ZM,2020-04-30,Quarter,328170000,103710000,224460000,201080000,23380000,5790000,0,29180000,2100000,0,0,0,27080000,0,27080000,,,295190000,0.09,0.09
ZM,2020-07-31,Quarter,663520000,192270000,471250000,283140000,188110000,2080000,0,190190000,4200000,0,0,0,185990000,0,185990000,,,297160000,0.72,0.63
ZM,2020-10-31,Quarter,777200000,258730000,518470000,326230000,192240000,1780000,0,194020000,-4620000,0,0,0,198640000,0,198640000,,,299260000,0.66,0.66
ZM,2021-01-31,Quarter,882480000,267280000,615200000,359090000,256110000,8540000,0,264650000,4040000,0,0,0,260610000,0,260610000,,,300610000,0.88,0.87
ZM,2021-04-30,Quarter,956240000,264990000,691240000,464940000,226300000,2620000,0,228930000,1400000,0,0,0,227530000,0,227530000,,,305410000,0.97,0.74
ZM,2021-07-31,Quarter,1021500000,261260000,760240000,465640000,294600000,29280000,0,323880000,6800000,0,0,0,317080000,0,317080000,,,305860000,0.98,1.04
ZM,2021-10-31,Quarter,1050760000,270960000,779800000,488940000,290860000,119430000,0,410280000,69900000,0,0,0,340380000,0,340380000,,,305940000,0.72,1.11
ZM,2022-01-31,Quarter,1071380000,257350000,814030000,562210000,251820000,-116460000,0,138530000,-352110000,0,0,0,490640000,0,490640000,,,306010000,0.75,1.61
ZM,2022-04-30,Quarter,1073800000,261820000,811980000,624910000,187070000,-43390000,0,143670000,30010000,0,0,0,113660000,0,113660000,,,306610000,0.47,0.37
ZM,2022-07-31,Quarter,1099460000,273610000,825850000,704100000,121750000,-31340000,0,90400000,44650000,0,0,0,45750000,0,45750000,,,307160000,0.28,0.15
ZM,2022-10-31,Quarter,1101900000,270670000,831230000,764730000,66500000,-11760000,0,54750000,6400000,0,0,0,48350000,0,48350000,,,301990000,0.21,0.16
ZM,2023-01-31,Quarter,1117800000,294350000,823450000,953340000,-129890000,90340000,0,-39540000,64510000,0,0,0,-104050000,0,-104050000,,,292980000,-0.47,-0.34
ZM,2023-04-30,Quarter,1105360000,263950000,841420000,831670000,9750000,33490000,0,43230000,27790000,0,0,0,15440000,0,15440000,,,304120000,0.41,0.05
ZM,2023-07-31,Quarter,1138680000,266560000,872120000,694500000,177620000,72760000,0,250370000,68400000,0,0,0,181970000,0,181970000,,,305930000,0.55,0.59
ZM,2023-10-31,Quarter,1136730000,270990000,865740000,696350000,169390000,16440000,0,185830000,44610000,0,0,0,141210000,0,141210000,,,310390000,0.55,0.45
ZM,2024-01-31,Quarter,1146460000,276310000,870150000,701620000,168530000,184350000,0,352880000,54050000,0,0,0,298830000,0,298830000,,,313470000,0.76,0.98
ZM,2024-04-30,Quarter,1141230000,273300000,867930000,664910000,203020000,88940000,0,291960000,75660000,0,0,0,216310000,0,216310000,,,315360000,0.74,0.69
ZM,2024-07-31,Quarter,1162520000,285090000,877430000,675070000,202360000,90520000,0,292890000,73870000,0,0,0,219020000,0,219020000,,,314030000,0.71,0.70
ZM,2024-10-31,Quarter,1177540000,283880000,893660000,710820000,182840000,97570000,0,280410000,73360000,0,0,0,207050000,0,207050000,,,314190000,0.71,0.66
ZM,2025-01-31,Quarter,1184140000,287360000,896780000,671720000,225060000,225260000,0,450320000,82450000,0,0,0,367870000,0,367870000,,,316690000,0.78,1.16
ZM,2025-04-30,Quarter,1174720000,278400000,896310000,654730000,241580000,74170000,0,315770000,61160000,0,0,0,254600000,0,254600000,,,312780000,0.87,0.81
ZM,2025-07-31,Quarter,1217230000,273170000,944060000,622330000,321730000,126430000,0,448160000,89570000,0,0,0,358590000,0,358590000,,,308220000,0.99,1.16
ZM,2025-10-31,Quarter,1229840000,271770000,958060000,647650000,310410000,484300000,0,794710000,181840000,0,0,0,612870000,0,612870000,,,305020000,0.89,2.01
ZS,2020-01-31,Quarter,101270000,20240000,81030000,111310000,-30280000,1840000,0,-28440000,720000,0,0,0,-29150000,0,-29150000,,,128410000,-0.10,-0.23
ZS,2020-04-30,Quarter,110520000,24580000,85950000,106460000,-20510000,1600000,0,-18920000,420000,0,0,0,-19340000,0,-19340000,,,129680000,-0.15,-0.15
ZS,2020-07-31,Quarter,125890000,31360000,94530000,139410000,-44880000,820000,5030000,-49090000,460000,0,0,0,-49550000,0,-49550000,,,131660000,-0.34,-0.38
ZS,2021-01-31,Quarter,157040000,34140000,122910000,176810000,-53900000,1270000,13250000,-65870000,1670000,0,0,0,-67540000,0,-67540000,,,135020000,-0.39,-0.50
ZS,2021-04-30,Quarter,176400000,38980000,137430000,181280000,-43850000,660000,13440000,-56620000,1840000,0,0,0,-58460000,0,-58460000,,,136390000,-0.30,-0.43
ZS,2021-07-31,Quarter,197070000,45480000,151600000,218990000,-67390000,850000,13630000,-80180000,840000,0,0,0,-81020000,0,-81020000,,,137780000,-0.48,-0.59
ZS,2021-10-31,Quarter,230520000,52170000,178350000,252720000,-74370000,-120000,13840000,-88320000,2480000,0,0,0,-90800000,0,-90800000,,,139300000,-0.53,-0.65
ZS,2022-01-31,Quarter,255560000,57780000,197780000,281720000,-83940000,-290000,14040000,-98260000,2160000,0,0,0,-100420000,0,-100420000,,,140520000,-0.60,-0.71
ZS,2022-04-30,Quarter,286810000,64020000,222790000,309380000,-86590000,-1050000,14250000,-101900000,-490000,0,0,0,-101410000,0,-101410000,,,141420000,-0.61,-0.72
ZS,2022-07-31,Quarter,318060000,68310000,249750000,332280000,-82530000,1830000,14460000,-95150000,2500000,0,0,0,-97650000,0,-97650000,,,142360000,-0.40,-0.69
ZS,2022-10-31,Quarter,355550000,76700000,278850000,347940000,-69090000,7000000,1330000,-63420000,4750000,0,0,0,-68160000,0,-68160000,,,143480000,-0.47,-0.48
ZS,2023-01-31,Quarter,387600000,87600000,299990000,365240000,-65250000,12810000,1330000,-53760000,3690000,0,0,0,-57450000,0,-57450000,,,144510000,-0.35,-0.40
ZS,2023-04-30,Quarter,418800000,95850000,322950000,378700000,-55750000,17770000,1380000,-39360000,6690000,0,0,0,-46050000,0,-46050000,,,145350000,-0.28,-0.32
ZS,2023-07-31,Quarter,455010000,102680000,352320000,396880000,-44560000,21020000,2490000,-26030000,4650000,0,0,0,-30670000,0,-30670000,,,146420000,-0.17,-0.20
ZS,2023-10-31,Quarter,496700000,111390000,385310000,431370000,-46060000,24730000,3160000,-24490000,9000000,0,0,0,-33480000,0,-33480000,,,147630000,-0.18,-0.23
ZS,2024-01-31,Quarter,525000000,117200000,407800000,453260000,-45460000,28560000,3610000,-20510000,7960000,0,0,0,-28470000,0,-28470000,,,148950000,-0.16,-0.19
ZS,2024-04-30,Quarter,553200000,118330000,434870000,437890000,-3020000,26640000,2760000,20870000,1740000,0,0,0,19120000,0,19120000,,,154080000,0.15,0.12
ZS,2024-07-31,Quarter,592870000,130210000,462660000,489610000,-26950000,25450000,3600000,-5100000,9770000,0,0,0,-14880000,0,-14880000,,,151500000,-0.05,-0.09
ZS,2024-10-31,Quarter,627960000,141460000,486490000,517160000,-30670000,29400000,3140000,-4410000,7640000,0,0,0,-12050000,0,-12050000,,,152560000,-0.04,-0.08
ZS,2025-01-31,Quarter,647900000,148500000,499400000,539540000,-40140000,25940000,2340000,-16540000,-8810000,0,0,0,-7720000,0,-7720000,,,153670000,-0.06,-0.05
ZS,2025-04-30,Quarter,678030000,155980000,522060000,547470000,-25410000,31940000,1970000,4560000,8690000,0,0,0,-4130000,0,-4130000,,,154910000,0.00,-0.03
ZS,2025-07-31,Quarter,719230000,172240000,546990000,579230000,-32240000,32410000,2070000,-1900000,15680000,0,0,0,-17580000,0,-17580000,,,156500000,-0.04,-0.11
ZS,2025-10-31,Quarter,788110000,184750000,603360000,639720000,-36360000,30120000,2130000,-8370000,3240000,0,0,0,-11620000,0,-11620000,,,158600000,-0.01,-0.07
